[
{"result_date": "2025-09-30", "result_time": "17:33:03", "name": "Salsa de Tomate Fruco Pague 800g Lleve 1000g", "total_unit_quantity": 1000.0, "unit_type": "g", "category": "Supermercado", "sub_category": "Despensa", "comercial_name": "Jumbo", "comercial_id": "900.155.107", "price": 19390.0, "unit_price": 19.39},
{"result_date": "2025-09-30", "result_time": "17:33:03", "name": "Salsa Fruco Mayo Parrilla x200G", "total_unit_quantity": 200.0, "unit_type": "G", "category": "Supermercado", "sub_category": "Despensa", "comercial_name": "Jumbo", "comercial_id": "900.155.107", "price": 8090.0, "unit_price": 40.45},
{"result_date": "2025-09-30", "result_time": "17:33:03", "name": "Aceite Cuisine&Co Mezcla Vegetal x3000Ml", "total_unit_quantity": 3000.0, "unit_type": "Ml", "category": "Supermercado", "sub_category": "Despensa", "comercial_name": "Jumbo", "comercial_id": "900.155.107", "price": 22890.0, "unit_price": 7.63},
{"result_date": "2025-09-30", "result_time": "17:33:03", "name": "Arroz Diana blanco x10kg", "total_unit_quantity": 10.0, "unit_type": "kg", "category": "Supermercado", "sub_category": "Despensa", "comercial_name": "Jumbo", "comercial_id": "900.155.107", "price": 44690.0, "unit_price": 4469.0},
{"result_date": "2025-09-30", "result_time": "17:33:03", "name": "Aceite Premier girasol x2700ml", "total_unit_quantity": 2700.0, "unit_type": "ml", "category": "Supermercado", "sub_category": "Despensa", "comercial_name": "Jumbo", "comercial_id": "900.155.107", "price": 56290.0, "unit_price": 20.848148148148148},
{"result_date": "2025-09-30", "result_time": "17:33:03", "name": "Arroz Diana blanco x5kg", "total_unit_quantity": 5.0, "unit_type": "kg", "category": "Supermercado", "sub_category": "Despensa", "comercial_name": "Jumbo", "comercial_id": "900.155.107", "price": 22190.0, "unit_price": 4438.0},
{"result_date": "2025-09-30", "result_time": "17:33:03", "name": "Chocolate Corona Tradicional x18 Und x450grs", "total_unit_quantity": 450.0, "unit_type": "grs", "category": "Supermercado", "sub_category": "Despensa", "comercial_name": "Jumbo", "comercial_id": "900.155.107", "price": 16390.0, "unit_price": 36.422222222222224},
{"result_date": "2025-09-30", "result_time": "17:33:03", "name": "Aceite Gourmet Familia Multiusos x2600ml", "total_unit_quantity": 2600.0, "unit_type": "ml", "category": "Supermercado", "sub_category": "Despensa", "comercial_name": "Jumbo", "comercial_id": "900.155.107", "price": 57990.0, "unit_price": 22.303846153846155},
{"result_date": "2025-09-30", "result_time": "17:34:38", "name": "Salsa de Tomate Fruco Pague 800g Lleve 1000g", "total_unit_quantity": 1000.0, "unit_type": "g", "category": "Supermercado", "sub_category": "Despensa", "comercial_name": "Jumbo", "comercial_id": "900.155.107", "price": 19390.0, "unit_price": 19.39},
{"result_date": "2025-09-30", "result_time": "17:34:38", "name": "Leche Deslactosada Alqueria 1L x6unds", "total_unit_quantity": 1.0, "unit_type": "L", "category": "Supermercado", "sub_category": "Lácteos, Huevos Y Refrigerados", "comercial_name": "Jumbo", "comercial_id": "900.155.107", "price": 29990.0, "unit_price": 29990.0},
{"result_date": "2025-09-30", "result_time": "17:34:38", "name": "Salsa Fruco Mayo Parrilla x200G", "total_unit_quantity": 200.0, "unit_type": "G", "category": "Supermercado", "sub_category": "Despensa", "comercial_name": "Jumbo", "comercial_id": "900.155.107", "price": 8090.0, "unit_price": 40.45},
{"result_date": "2025-09-30", "result_time": "17:34:38", "name": "Leche Sabor Original Alqueria 1L x6unds", "total_unit_quantity": 1.0, "unit_type": "L", "category": "Supermercado", "sub_category": "Lácteos, Huevos Y Refrigerados", "comercial_name": "Jumbo", "comercial_id": "900.155.107", "price": 29990.0, "unit_price": 29990.0},
{"result_date": "2025-09-30", "result_time": "17:34:38", "name": "Aceite Cuisine&Co Mezcla Vegetal x3000Ml", "total_unit_quantity": 3000.0, "unit_type": "Ml", "category": "Supermercado", "sub_category": "Despensa", "comercial_name": "Jumbo", "comercial_id": "900.155.107", "price": 22890.0, "unit_price": 7.63},
{"result_date": "2025-09-30", "result_time": "17:34:38", "name": "Leche Entera Colanta Bolsa x6 Und x1000ml", "total_unit_quantity": 1000.0, "unit_type": "ml", "category": "Supermercado", "sub_category": "Lácteos, Huevos Y Refrigerados", "comercial_name": "Jumbo", "comercial_id": "900.155.107", "price": 30350.0, "unit_price": 30.35},
{"result_date": "2025-09-30", "result_time": "17:34:38", "name": "Arroz Diana blanco x10kg", "total_unit_quantity": 10.0, "unit_type": "kg", "category": "Supermercado", "sub_category": "Despensa", "comercial_name": "Jumbo", "comercial_id": "900.155.107", "price": 44690.0, "unit_price": 4469.0},
{"result_date": "2025-09-30", "result_time": "17:34:38", "name": "Leche Deslactosada Colanta Bolsa x6 Und x1000ml", "total_unit_quantity": 1000.0, "unit_type": "ml", "category": "Supermercado", "sub_category": "Lácteos, Huevos Y Refrigerados", "comercial_name": "Jumbo", "comercial_id": "900.155.107", "price": 29300.0, "unit_price": 29.3},
{"result_date": "2025-09-30", "result_time": "17:34:38", "name": "Aceite Premier girasol x2700ml", "total_unit_quantity": 2700.0, "unit_type": "ml", "category": "Supermercado", "sub_category": "Despensa", "comercial_name": "Jumbo", "comercial_id": "900.155.107", "price": 56290.0, "unit_price": 20.848148148148148},
{"result_date": "2025-09-30", "result_time": "17:34:38", "name": "Leche Entera Colanta Bolsa x6 Und x1100", "total_unit_quantity": 1, "unit_type": "un", "category": "Supermercado", "sub_category": "Lácteos, Huevos Y Refrigerados", "comercial_name": "Jumbo", "comercial_id": "900.155.107", "price": 33790.0, "unit_price": 33790.0},
{"result_date": "2025-09-30", "result_time": "17:34:38", "name": "Arroz Diana blanco x5kg", "total_unit_quantity": 5.0, "unit_type": "kg", "category": "Supermercado", "sub_category": "Despensa", "comercial_name": "Jumbo", "comercial_id": "900.155.107", "price": 22190.0, "unit_price": 4438.0},
{"result_date": "2025-09-30", "result_time": "17:34:38", "name": "Leche Deslactosada Alpina Bolsa x6 Und x1100ml", "total_unit_quantity": 1100.0, "unit_type": "ml", "category": "Supermercado", "sub_category": "Lácteos, Huevos Y Refrigerados", "comercial_name": "Jumbo", "comercial_id": "900.155.107", "price": 36990.0, "unit_price": 33.627272727272725},
{"result_date": "2025-09-30", "result_time": "17:34:38", "name": "Chocolate Corona Tradicional x18 Und x450grs", "total_unit_quantity": 450.0, "unit_type": "grs", "category": "Supermercado", "sub_category": "Despensa", "comercial_name": "Jumbo", "comercial_id": "900.155.107", "price": 16390.0, "unit_price": 36.422222222222224},
{"result_date": "2025-09-30", "result_time": "17:34:38", "name": "Huevos AA rojos Santa Reyes x30und", "total_unit_quantity": 1, "unit_type": "un", "category": "Supermercado", "sub_category": "Lácteos, Huevos Y Refrigerados", "comercial_name": "Jumbo", "comercial_id": "900.155.107", "price": 25630.0, "unit_price": 25630.0},
{"result_date": "2025-09-30", "result_time": "17:34:38", "name": "Aceite Gourmet Familia Multiusos x2600ml", "total_unit_quantity": 2600.0, "unit_type": "ml", "category": "Supermercado", "sub_category": "Despensa", "comercial_name": "Jumbo", "comercial_id": "900.155.107", "price": 57990.0, "unit_price": 22.303846153846155},
{"result_date": "2025-09-30", "result_time": "17:34:38", "name": "Queso mozarella Alpina 25 tajadas x400g", "total_unit_quantity": 400.0, "unit_type": "g", "category": "Supermercado", "sub_category": "Lácteos, Huevos Y Refrigerados", "comercial_name": "Jumbo", "comercial_id": "900.155.107", "price": 22550.0, "unit_price": 56.375},
{"result_date": "2025-09-30", "result_time": "17:34:38", "name": "Yogurt griego Alpina natural x1000g", "total_unit_quantity": 1000.0, "unit_type": "g", "category": "Supermercado", "sub_category": "Lácteos, Huevos Y Refrigerados", "comercial_name": "Jumbo", "comercial_id": "900.155.107", "price": 35500.0, "unit_price": 35.5},
{"result_date": "2025-09-30", "result_time": "17:34:38", "name": "Queso parmesano Alpina bolsa x100g", "total_unit_quantity": 100.0, "unit_type": "g", "category": "Supermercado", "sub_category": "Lácteos, Huevos Y Refrigerados", "comercial_name": "Jumbo", "comercial_id": "900.155.107", "price": 11840.0, "unit_price": 118.4},
{"result_date": "2025-09-30", "result_time": "17:34:38", "name": "Huevos AAA rojos Santa Anita x30und", "total_unit_quantity": 1, "unit_type": "un", "category": "Supermercado", "sub_category": "Lácteos, Huevos Y Refrigerados", "comercial_name": "Jumbo", "comercial_id": "900.155.107", "price": 24890.0, "unit_price": 24890.0},
{"result_date": "2025-09-30", "result_time": "17:34:38", "name": "Queso Campesino Alpina 250g", "total_unit_quantity": 250.0, "unit_type": "g", "category": "Supermercado", "sub_category": "Lácteos, Huevos Y Refrigerados", "comercial_name": "Jumbo", "comercial_id": "900.155.107", "price": 12090.0, "unit_price": 48.36},
{"result_date": "2025-09-30", "result_time": "17:36:13", "name": "Salsa de Tomate Fruco Pague 800g Lleve 1000g", "total_unit_quantity": 1000.0, "unit_type": "g", "category": "Supermercado", "sub_category": "Despensa", "comercial_name": "Jumbo", "comercial_id": "900.155.107", "price": 19390.0, "unit_price": 19.39},
{"result_date": "2025-09-30", "result_time": "17:36:13", "name": "Leche Deslactosada Alqueria 1L x6unds", "total_unit_quantity": 1.0, "unit_type": "L", "category": "Supermercado", "sub_category": "Lácteos, Huevos Y Refrigerados", "comercial_name": "Jumbo", "comercial_id": "900.155.107", "price": 29990.0, "unit_price": 29990.0},
{"result_date": "2025-09-30", "result_time": "17:36:13", "name": "Salsa Fruco Mayo Parrilla x200G", "total_unit_quantity": 200.0, "unit_type": "G", "category": "Supermercado", "sub_category": "Despensa", "comercial_name": "Jumbo", "comercial_id": "900.155.107", "price": 8090.0, "unit_price": 40.45},
{"result_date": "2025-09-30", "result_time": "17:36:13", "name": "Leche Sabor Original Alqueria 1L x6unds", "total_unit_quantity": 1.0, "unit_type": "L", "category": "Supermercado", "sub_category": "Lácteos, Huevos Y Refrigerados", "comercial_name": "Jumbo", "comercial_id": "900.155.107", "price": 29990.0, "unit_price": 29990.0},
{"result_date": "2025-09-30", "result_time": "17:36:13", "name": "Aceite Cuisine&Co Mezcla Vegetal x3000Ml", "total_unit_quantity": 3000.0, "unit_type": "Ml", "category": "Supermercado", "sub_category": "Despensa", "comercial_name": "Jumbo", "comercial_id": "900.155.107", "price": 22890.0, "unit_price": 7.63},
{"result_date": "2025-09-30", "result_time": "17:36:13", "name": "Leche Entera Colanta Bolsa x6 Und x1000ml", "total_unit_quantity": 1000.0, "unit_type": "ml", "category": "Supermercado", "sub_category": "Lácteos, Huevos Y Refrigerados", "comercial_name": "Jumbo", "comercial_id": "900.155.107", "price": 30350.0, "unit_price": 30.35},
{"result_date": "2025-09-30", "result_time": "17:36:13", "name": "Arroz Diana blanco x10kg", "total_unit_quantity": 10.0, "unit_type": "kg", "category": "Supermercado", "sub_category": "Despensa", "comercial_name": "Jumbo", "comercial_id": "900.155.107", "price": 44690.0, "unit_price": 4469.0},
{"result_date": "2025-09-30", "result_time": "17:36:13", "name": "Leche Deslactosada Colanta Bolsa x6 Und x1000ml", "total_unit_quantity": 1000.0, "unit_type": "ml", "category": "Supermercado", "sub_category": "Lácteos, Huevos Y Refrigerados", "comercial_name": "Jumbo", "comercial_id": "900.155.107", "price": 29300.0, "unit_price": 29.3},
{"result_date": "2025-09-30", "result_time": "17:36:13", "name": "Aceite Premier girasol x2700ml", "total_unit_quantity": 2700.0, "unit_type": "ml", "category": "Supermercado", "sub_category": "Despensa", "comercial_name": "Jumbo", "comercial_id": "900.155.107", "price": 56290.0, "unit_price": 20.848148148148148},
{"result_date": "2025-09-30", "result_time": "17:36:13", "name": "Leche Entera Colanta Bolsa x6 Und x1100", "total_unit_quantity": 1, "unit_type": "un", "category": "Supermercado", "sub_category": "Lácteos, Huevos Y Refrigerados", "comercial_name": "Jumbo", "comercial_id": "900.155.107", "price": 33790.0, "unit_price": 33790.0},
{"result_date": "2025-09-30", "result_time": "17:36:13", "name": "Arroz Diana blanco x5kg", "total_unit_quantity": 5.0, "unit_type": "kg", "category": "Supermercado", "sub_category": "Despensa", "comercial_name": "Jumbo", "comercial_id": "900.155.107", "price": 22190.0, "unit_price": 4438.0},
{"result_date": "2025-09-30", "result_time": "17:36:13", "name": "Leche Deslactosada Alpina Bolsa x6 Und x1100ml", "total_unit_quantity": 1100.0, "unit_type": "ml", "category": "Supermercado", "sub_category": "Lácteos, Huevos Y Refrigerados", "comercial_name": "Jumbo", "comercial_id": "900.155.107", "price": 36990.0, "unit_price": 33.627272727272725},
{"result_date": "2025-09-30", "result_time": "17:36:13", "name": "Chocolate Corona Tradicional x18 Und x450grs", "total_unit_quantity": 450.0, "unit_type": "grs", "category": "Supermercado", "sub_category": "Despensa", "comercial_name": "Jumbo", "comercial_id": "900.155.107", "price": 16390.0, "unit_price": 36.422222222222224},
{"result_date": "2025-09-30", "result_time": "17:36:13", "name": "Huevos AA rojos Santa Reyes x30und", "total_unit_quantity": 1, "unit_type": "un", "category": "Supermercado", "sub_category": "Lácteos, Huevos Y Refrigerados", "comercial_name": "Jumbo", "comercial_id": "900.155.107", "price": 25630.0, "unit_price": 25630.0},
{"result_date": "2025-09-30", "result_time": "17:36:13", "name": "Aceite Gourmet Familia Multiusos x2600ml", "total_unit_quantity": 2600.0, "unit_type": "ml", "category": "Supermercado", "sub_category": "Despensa", "comercial_name": "Jumbo", "comercial_id": "900.155.107", "price": 57990.0, "unit_price": 22.303846153846155},
{"result_date": "2025-09-30", "result_time": "17:36:13", "name": "Queso mozarella Alpina 25 tajadas x400g", "total_unit_quantity": 400.0, "unit_type": "g", "category": "Supermercado", "sub_category": "Lácteos, Huevos Y Refrigerados", "comercial_name": "Jumbo", "comercial_id": "900.155.107", "price": 22550.0, "unit_price": 56.375},
{"result_date": "2025-09-30", "result_time": "17:36:13", "name": "Yogurt griego Alpina natural x1000g", "total_unit_quantity": 1000.0, "unit_type": "g", "category": "Supermercado", "sub_category": "Lácteos, Huevos Y Refrigerados", "comercial_name": "Jumbo", "comercial_id": "900.155.107", "price": 35500.0, "unit_price": 35.5},
{"result_date": "2025-09-30", "result_time": "17:36:13", "name": "Queso parmesano Alpina bolsa x100g", "total_unit_quantity": 100.0, "unit_type": "g", "category": "Supermercado", "sub_category": "Lácteos, Huevos Y Refrigerados", "comercial_name": "Jumbo", "comercial_id": "900.155.107", "price": 11840.0, "unit_price": 118.4},
{"result_date": "2025-09-30", "result_time": "17:36:13", "name": "Huevos AAA rojos Santa Anita x30und", "total_unit_quantity": 1, "unit_type": "un", "category": "Supermercado", "sub_category": "Lácteos, Huevos Y Refrigerados", "comercial_name": "Jumbo", "comercial_id": "900.155.107", "price": 24890.0, "unit_price": 24890.0},
{"result_date": "2025-09-30", "result_time": "17:36:13", "name": "Queso Campesino Alpina 250g", "total_unit_quantity": 250.0, "unit_type": "g", "category": "Supermercado", "sub_category": "Lácteos, Huevos Y Refrigerados", "comercial_name": "Jumbo", "comercial_id": "900.155.107", "price": 12090.0, "unit_price": 48.36},
{"result_date": "2025-09-30", "result_time": "17:37:43", "name": "Salsa de Tomate Fruco Pague 800g Lleve 1000g", "total_unit_quantity": 1000.0, "unit_type": "g", "category": "Supermercado", "sub_category": "Despensa", "comercial_name": "Jumbo", "comercial_id": "900.155.107", "price": 19390.0, "unit_price": 19.39},
{"result_date": "2025-09-30", "result_time": "17:37:43", "name": "Salsa Fruco Mayo Parrilla x200G", "total_unit_quantity": 200.0, "unit_type": "G", "category": "Supermercado", "sub_category": "Despensa", "comercial_name": "Jumbo", "comercial_id": "900.155.107", "price": 8090.0, "unit_price": 40.45},
{"result_date": "2025-09-30", "result_time": "17:37:43", "name": "Aceite Cuisine&Co Mezcla Vegetal x3000Ml", "total_unit_quantity": 3000.0, "unit_type": "Ml", "category": "Supermercado", "sub_category": "Despensa", "comercial_name": "Jumbo", "comercial_id": "900.155.107", "price": 22890.0, "unit_price": 7.63},
{"result_date": "2025-09-30", "result_time": "17:37:43", "name": "Arroz Diana blanco x10kg", "total_unit_quantity": 10.0, "unit_type": "kg", "category": "Supermercado", "sub_category": "Despensa", "comercial_name": "Jumbo", "comercial_id": "900.155.107", "price": 44690.0, "unit_price": 4469.0},
{"result_date": "2025-09-30", "result_time": "17:37:43", "name": "Aceite Premier girasol x2700ml", "total_unit_quantity": 2700.0, "unit_type": "ml", "category": "Supermercado", "sub_category": "Despensa", "comercial_name": "Jumbo", "comercial_id": "900.155.107", "price": 56290.0, "unit_price": 20.848148148148148},
{"result_date": "2025-09-30", "result_time": "17:37:43", "name": "Arroz Diana blanco x5kg", "total_unit_quantity": 5.0, "unit_type": "kg", "category": "Supermercado", "sub_category": "Despensa", "comercial_name": "Jumbo", "comercial_id": "900.155.107", "price": 22190.0, "unit_price": 4438.0},
{"result_date": "2025-09-30", "result_time": "17:37:43", "name": "Chocolate Corona Tradicional x18 Und x450grs", "total_unit_quantity": 450.0, "unit_type": "grs", "category": "Supermercado", "sub_category": "Despensa", "comercial_name": "Jumbo", "comercial_id": "900.155.107", "price": 16390.0, "unit_price": 36.422222222222224},
{"result_date": "2025-09-30", "result_time": "17:37:43", "name": "Aceite Gourmet Familia Multiusos x2600ml", "total_unit_quantity": 2600.0, "unit_type": "ml", "category": "Supermercado", "sub_category": "Despensa", "comercial_name": "Jumbo", "comercial_id": "900.155.107", "price": 57990.0, "unit_price": 22.303846153846155},
{"result_date": "2025-09-30", "result_time": "17:37:58", "name": "Leche Deslactosada Alqueria 1L x6unds", "total_unit_quantity": 1.0, "unit_type": "L", "category": "Supermercado", "sub_category": "Lácteos, Huevos Y Refrigerados", "comercial_name": "Jumbo", "comercial_id": "900.155.107", "price": 29990.0, "unit_price": 29990.0},
{"result_date": "2025-09-30", "result_time": "17:37:58", "name": "Leche Sabor Original Alqueria 1L x6unds", "total_unit_quantity": 1.0, "unit_type": "L", "category": "Supermercado", "sub_category": "Lácteos, Huevos Y Refrigerados", "comercial_name": "Jumbo", "comercial_id": "900.155.107", "price": 29990.0, "unit_price": 29990.0},
{"result_date": "2025-09-30", "result_time": "17:37:58", "name": "Leche Entera Colanta Bolsa x6 Und x1000ml", "total_unit_quantity": 1000.0, "unit_type": "ml", "category": "Supermercado", "sub_category": "Lácteos, Huevos Y Refrigerados", "comercial_name": "Jumbo", "comercial_id": "900.155.107", "price": 30350.0, "unit_price": 30.35},
{"result_date": "2025-09-30", "result_time": "17:37:58", "name": "Leche Deslactosada Colanta Bolsa x6 Und x1000ml", "total_unit_quantity": 1000.0, "unit_type": "ml", "category": "Supermercado", "sub_category": "Lácteos, Huevos Y Refrigerados", "comercial_name": "Jumbo", "comercial_id": "900.155.107", "price": 29300.0, "unit_price": 29.3},
{"result_date": "2025-09-30", "result_time": "17:37:58", "name": "Leche Entera Colanta Bolsa x6 Und x1100", "total_unit_quantity": 1, "unit_type": "un", "category": "Supermercado", "sub_category": "Lácteos, Huevos Y Refrigerados", "comercial_name": "Jumbo", "comercial_id": "900.155.107", "price": 33790.0, "unit_price": 33790.0},
{"result_date": "2025-09-30", "result_time": "17:37:58", "name": "Leche Deslactosada Alpina Bolsa x6 Und x1100ml", "total_unit_quantity": 1100.0, "unit_type": "ml", "category": "Supermercado", "sub_category": "Lácteos, Huevos Y Refrigerados", "comercial_name": "Jumbo", "comercial_id": "900.155.107", "price": 36990.0, "unit_price": 33.627272727272725},
{"result_date": "2025-09-30", "result_time": "17:37:58", "name": "Huevos AA rojos Santa Reyes x30und", "total_unit_quantity": 1, "unit_type": "un", "category": "Supermercado", "sub_category": "Lácteos, Huevos Y Refrigerados", "comercial_name": "Jumbo", "comercial_id": "900.155.107", "price": 25630.0, "unit_price": 25630.0},
{"result_date": "2025-09-30", "result_time": "17:37:58", "name": "Queso mozarella Alpina 25 tajadas x400g", "total_unit_quantity": 400.0, "unit_type": "g", "category": "Supermercado", "sub_category": "Lácteos, Huevos Y Refrigerados", "comercial_name": "Jumbo", "comercial_id": "900.155.107", "price": 22550.0, "unit_price": 56.375},
{"result_date": "2025-09-30", "result_time": "17:37:58", "name": "Yogurt griego Alpina natural x1000g", "total_unit_quantity": 1000.0, "unit_type": "g", "category": "Supermercado", "sub_category": "Lácteos, Huevos Y Refrigerados", "comercial_name": "Jumbo", "comercial_id": "900.155.107", "price": 35500.0, "unit_price": 35.5},
{"result_date": "2025-09-30", "result_time": "17:37:58", "name": "Queso parmesano Alpina bolsa x100g", "total_unit_quantity": 100.0, "unit_type": "g", "category": "Supermercado", "sub_category": "Lácteos, Huevos Y Refrigerados", "comercial_name": "Jumbo", "comercial_id": "900.155.107", "price": 11840.0, "unit_price": 118.4},
{"result_date": "2025-09-30", "result_time": "17:37:58", "name": "Huevos AAA rojos Santa Anita x30und", "total_unit_quantity": 1, "unit_type": "un", "category": "Supermercado", "sub_category": "Lácteos, Huevos Y Refrigerados", "comercial_name": "Jumbo", "comercial_id": "900.155.107", "price": 24890.0, "unit_price": 24890.0},
{"result_date": "2025-09-30", "result_time": "17:37:58", "name": "Queso Campesino Alpina 250g", "total_unit_quantity": 250.0, "unit_type": "g", "category": "Supermercado", "sub_category": "Lácteos, Huevos Y Refrigerados", "comercial_name": "Jumbo", "comercial_id": "900.155.107", "price": 12090.0, "unit_price": 48.36},
{"result_date": "2025-09-30", "result_time": "17:39:13", "name": "Salsa de Tomate Fruco Pague 800g Lleve 1000g", "total_unit_quantity": 1000.0, "unit_type": "g", "category": "Supermercado", "sub_category": "Despensa", "comercial_name": "Jumbo", "comercial_id": "900.155.107", "price": 19390.0, "unit_price": 19.39},
{"result_date": "2025-09-30", "result_time": "17:39:13", "name": "Salsa Fruco Mayo Parrilla x200G", "total_unit_quantity": 200.0, "unit_type": "G", "category": "Supermercado", "sub_category": "Despensa", "comercial_name": "Jumbo", "comercial_id": "900.155.107", "price": 8090.0, "unit_price": 40.45},
{"result_date": "2025-09-30", "result_time": "17:39:13", "name": "Aceite Cuisine&Co Mezcla Vegetal x3000Ml", "total_unit_quantity": 3000.0, "unit_type": "Ml", "category": "Supermercado", "sub_category": "Despensa", "comercial_name": "Jumbo", "comercial_id": "900.155.107", "price": 22890.0, "unit_price": 7.63},
{"result_date": "2025-09-30", "result_time": "17:39:13", "name": "Arroz Diana blanco x10kg", "total_unit_quantity": 10.0, "unit_type": "kg", "category": "Supermercado", "sub_category": "Despensa", "comercial_name": "Jumbo", "comercial_id": "900.155.107", "price": 44690.0, "unit_price": 4469.0},
{"result_date": "2025-09-30", "result_time": "17:39:13", "name": "Aceite Premier girasol x2700ml", "total_unit_quantity": 2700.0, "unit_type": "ml", "category": "Supermercado", "sub_category": "Despensa", "comercial_name": "Jumbo", "comercial_id": "900.155.107", "price": 56290.0, "unit_price": 20.848148148148148},
{"result_date": "2025-09-30", "result_time": "17:39:13", "name": "Arroz Diana blanco x5kg", "total_unit_quantity": 5.0, "unit_type": "kg", "category": "Supermercado", "sub_category": "Despensa", "comercial_name": "Jumbo", "comercial_id": "900.155.107", "price": 22190.0, "unit_price": 4438.0},
{"result_date": "2025-09-30", "result_time": "17:39:13", "name": "Chocolate Corona Tradicional x18 Und x450grs", "total_unit_quantity": 450.0, "unit_type": "grs", "category": "Supermercado", "sub_category": "Despensa", "comercial_name": "Jumbo", "comercial_id": "900.155.107", "price": 16390.0, "unit_price": 36.422222222222224},
{"result_date": "2025-09-30", "result_time": "17:39:13", "name": "Aceite Gourmet Familia Multiusos x2600ml", "total_unit_quantity": 2600.0, "unit_type": "ml", "category": "Supermercado", "sub_category": "Despensa", "comercial_name": "Jumbo", "comercial_id": "900.155.107", "price": 57990.0, "unit_price": 22.303846153846155},
{"result_date": "2025-09-30", "result_time": "17:39:38", "name": "Leche Deslactosada Alqueria 1L x6unds", "total_unit_quantity": 1.0, "unit_type": "L", "category": "Supermercado", "sub_category": "Lácteos, Huevos Y Refrigerados", "comercial_name": "Jumbo", "comercial_id": "900.155.107", "price": 29990.0, "unit_price": 29990.0},
{"result_date": "2025-09-30", "result_time": "17:39:38", "name": "Leche Sabor Original Alqueria 1L x6unds", "total_unit_quantity": 1.0, "unit_type": "L", "category": "Supermercado", "sub_category": "Lácteos, Huevos Y Refrigerados", "comercial_name": "Jumbo", "comercial_id": "900.155.107", "price": 29990.0, "unit_price": 29990.0},
{"result_date": "2025-09-30", "result_time": "17:39:38", "name": "Leche Entera Colanta Bolsa x6 Und x1000ml", "total_unit_quantity": 1000.0, "unit_type": "ml", "category": "Supermercado", "sub_category": "Lácteos, Huevos Y Refrigerados", "comercial_name": "Jumbo", "comercial_id": "900.155.107", "price": 30350.0, "unit_price": 30.35},
{"result_date": "2025-09-30", "result_time": "17:39:38", "name": "Leche Deslactosada Colanta Bolsa x6 Und x1000ml", "total_unit_quantity": 1000.0, "unit_type": "ml", "category": "Supermercado", "sub_category": "Lácteos, Huevos Y Refrigerados", "comercial_name": "Jumbo", "comercial_id": "900.155.107", "price": 29300.0, "unit_price": 29.3},
{"result_date": "2025-09-30", "result_time": "17:39:38", "name": "Leche Entera Colanta Bolsa x6 Und x1100", "total_unit_quantity": 1, "unit_type": "un", "category": "Supermercado", "sub_category": "Lácteos, Huevos Y Refrigerados", "comercial_name": "Jumbo", "comercial_id": "900.155.107", "price": 33790.0, "unit_price": 33790.0},
{"result_date": "2025-09-30", "result_time": "17:39:38", "name": "Leche Deslactosada Alpina Bolsa x6 Und x1100ml", "total_unit_quantity": 1100.0, "unit_type": "ml", "category": "Supermercado", "sub_category": "Lácteos, Huevos Y Refrigerados", "comercial_name": "Jumbo", "comercial_id": "900.155.107", "price": 36990.0, "unit_price": 33.627272727272725},
{"result_date": "2025-09-30", "result_time": "17:39:38", "name": "Huevos AA rojos Santa Reyes x30und", "total_unit_quantity": 1, "unit_type": "un", "category": "Supermercado", "sub_category": "Lácteos, Huevos Y Refrigerados", "comercial_name": "Jumbo", "comercial_id": "900.155.107", "price": 25630.0, "unit_price": 25630.0},
{"result_date": "2025-09-30", "result_time": "17:39:38", "name": "Queso mozarella Alpina 25 tajadas x400g", "total_unit_quantity": 400.0, "unit_type": "g", "category": "Supermercado", "sub_category": "Lácteos, Huevos Y Refrigerados", "comercial_name": "Jumbo", "comercial_id": "900.155.107", "price": 22550.0, "unit_price": 56.375},
{"result_date": "2025-09-30", "result_time": "17:39:38", "name": "Yogurt griego Alpina natural x1000g", "total_unit_quantity": 1000.0, "unit_type": "g", "category": "Supermercado", "sub_category": "Lácteos, Huevos Y Refrigerados", "comercial_name": "Jumbo", "comercial_id": "900.155.107", "price": 35500.0, "unit_price": 35.5},
{"result_date": "2025-09-30", "result_time": "17:39:38", "name": "Queso parmesano Alpina bolsa x100g", "total_unit_quantity": 100.0, "unit_type": "g", "category": "Supermercado", "sub_category": "Lácteos, Huevos Y Refrigerados", "comercial_name": "Jumbo", "comercial_id": "900.155.107", "price": 11840.0, "unit_price": 118.4},
{"result_date": "2025-09-30", "result_time": "17:39:38", "name": "Huevos AAA rojos Santa Anita x30und", "total_unit_quantity": 1, "unit_type": "un", "category": "Supermercado", "sub_category": "Lácteos, Huevos Y Refrigerados", "comercial_name": "Jumbo", "comercial_id": "900.155.107", "price": 24890.0, "unit_price": 24890.0},
{"result_date": "2025-09-30", "result_time": "17:39:38", "name": "Queso Campesino Alpina 250g", "total_unit_quantity": 250.0, "unit_type": "g", "category": "Supermercado", "sub_category": "Lácteos, Huevos Y Refrigerados", "comercial_name": "Jumbo", "comercial_id": "900.155.107", "price": 12090.0, "unit_price": 48.36},
{"result_date": "2025-09-30", "result_time": "17:41:03", "name": "Salsa de Tomate Fruco Pague 800g Lleve 1000g", "total_unit_quantity": 1000.0, "unit_type": "g", "category": "Supermercado", "sub_category": "Despensa", "comercial_name": "Jumbo", "comercial_id": "900.155.107", "price": 19390.0, "unit_price": 19.39},
{"result_date": "2025-09-30", "result_time": "17:41:03", "name": "Salsa Fruco Mayo Parrilla x200G", "total_unit_quantity": 200.0, "unit_type": "G", "category": "Supermercado", "sub_category": "Despensa", "comercial_name": "Jumbo", "comercial_id": "900.155.107", "price": 8090.0, "unit_price": 40.45},
{"result_date": "2025-09-30", "result_time": "17:41:03", "name": "Aceite Cuisine&Co Mezcla Vegetal x3000Ml", "total_unit_quantity": 3000.0, "unit_type": "Ml", "category": "Supermercado", "sub_category": "Despensa", "comercial_name": "Jumbo", "comercial_id": "900.155.107", "price": 22890.0, "unit_price": 7.63},
{"result_date": "2025-09-30", "result_time": "17:41:03", "name": "Arroz Diana blanco x10kg", "total_unit_quantity": 10.0, "unit_type": "kg", "category": "Supermercado", "sub_category": "Despensa", "comercial_name": "Jumbo", "comercial_id": "900.155.107", "price": 44690.0, "unit_price": 4469.0},
{"result_date": "2025-09-30", "result_time": "17:41:03", "name": "Aceite Premier girasol x2700ml", "total_unit_quantity": 2700.0, "unit_type": "ml", "category": "Supermercado", "sub_category": "Despensa", "comercial_name": "Jumbo", "comercial_id": "900.155.107", "price": 56290.0, "unit_price": 20.848148148148148},
{"result_date": "2025-09-30", "result_time": "17:41:03", "name": "Arroz Diana blanco x5kg", "total_unit_quantity": 5.0, "unit_type": "kg", "category": "Supermercado", "sub_category": "Despensa", "comercial_name": "Jumbo", "comercial_id": "900.155.107", "price": 22190.0, "unit_price": 4438.0},
{"result_date": "2025-09-30", "result_time": "17:41:03", "name": "Chocolate Corona Tradicional x18 Und x450grs", "total_unit_quantity": 450.0, "unit_type": "grs", "category": "Supermercado", "sub_category": "Despensa", "comercial_name": "Jumbo", "comercial_id": "900.155.107", "price": 16390.0, "unit_price": 36.422222222222224},
{"result_date": "2025-09-30", "result_time": "17:41:03", "name": "Aceite Gourmet Familia Multiusos x2600ml", "total_unit_quantity": 2600.0, "unit_type": "ml", "category": "Supermercado", "sub_category": "Despensa", "comercial_name": "Jumbo", "comercial_id": "900.155.107", "price": 57990.0, "unit_price": 22.303846153846155},
{"result_date": "2025-09-30", "result_time": "17:41:13", "name": "Leche Deslactosada Alqueria 1L x6unds", "total_unit_quantity": 1.0, "unit_type": "L", "category": "Supermercado", "sub_category": "Lácteos, Huevos Y Refrigerados", "comercial_name": "Jumbo", "comercial_id": "900.155.107", "price": 29990.0, "unit_price": 29990.0},
{"result_date": "2025-09-30", "result_time": "17:41:13", "name": "Leche Sabor Original Alqueria 1L x6unds", "total_unit_quantity": 1.0, "unit_type": "L", "category": "Supermercado", "sub_category": "Lácteos, Huevos Y Refrigerados", "comercial_name": "Jumbo", "comercial_id": "900.155.107", "price": 29990.0, "unit_price": 29990.0},
{"result_date": "2025-09-30", "result_time": "17:41:13", "name": "Leche Entera Colanta Bolsa x6 Und x1000ml", "total_unit_quantity": 1000.0, "unit_type": "ml", "category": "Supermercado", "sub_category": "Lácteos, Huevos Y Refrigerados", "comercial_name": "Jumbo", "comercial_id": "900.155.107", "price": 30350.0, "unit_price": 30.35},
{"result_date": "2025-09-30", "result_time": "17:41:13", "name": "Leche Deslactosada Colanta Bolsa x6 Und x1000ml", "total_unit_quantity": 1000.0, "unit_type": "ml", "category": "Supermercado", "sub_category": "Lácteos, Huevos Y Refrigerados", "comercial_name": "Jumbo", "comercial_id": "900.155.107", "price": 29300.0, "unit_price": 29.3},
{"result_date": "2025-09-30", "result_time": "17:41:13", "name": "Leche Entera Colanta Bolsa x6 Und x1100", "total_unit_quantity": 1, "unit_type": "un", "category": "Supermercado", "sub_category": "Lácteos, Huevos Y Refrigerados", "comercial_name": "Jumbo", "comercial_id": "900.155.107", "price": 33790.0, "unit_price": 33790.0},
{"result_date": "2025-09-30", "result_time": "17:41:13", "name": "Leche Deslactosada Alpina Bolsa x6 Und x1100ml", "total_unit_quantity": 1100.0, "unit_type": "ml", "category": "Supermercado", "sub_category": "Lácteos, Huevos Y Refrigerados", "comercial_name": "Jumbo", "comercial_id": "900.155.107", "price": 36990.0, "unit_price": 33.627272727272725},
{"result_date": "2025-09-30", "result_time": "17:41:13", "name": "Huevos AA rojos Santa Reyes x30und", "total_unit_quantity": 1, "unit_type": "un", "category": "Supermercado", "sub_category": "Lácteos, Huevos Y Refrigerados", "comercial_name": "Jumbo", "comercial_id": "900.155.107", "price": 25630.0, "unit_price": 25630.0},
{"result_date": "2025-09-30", "result_time": "17:41:13", "name": "Queso mozarella Alpina 25 tajadas x400g", "total_unit_quantity": 400.0, "unit_type": "g", "category": "Supermercado", "sub_category": "Lácteos, Huevos Y Refrigerados", "comercial_name": "Jumbo", "comercial_id": "900.155.107", "price": 22550.0, "unit_price": 56.375},
{"result_date": "2025-09-30", "result_time": "17:41:13", "name": "Yogurt griego Alpina natural x1000g", "total_unit_quantity": 1000.0, "unit_type": "g", "category": "Supermercado", "sub_category": "Lácteos, Huevos Y Refrigerados", "comercial_name": "Jumbo", "comercial_id": "900.155.107", "price": 35500.0, "unit_price": 35.5},
{"result_date": "2025-09-30", "result_time": "17:41:13", "name": "Queso parmesano Alpina bolsa x100g", "total_unit_quantity": 100.0, "unit_type": "g", "category": "Supermercado", "sub_category": "Lácteos, Huevos Y Refrigerados", "comercial_name": "Jumbo", "comercial_id": "900.155.107", "price": 11840.0, "unit_price": 118.4},
{"result_date": "2025-09-30", "result_time": "17:41:13", "name": "Huevos AAA rojos Santa Anita x30und", "total_unit_quantity": 1, "unit_type": "un", "category": "Supermercado", "sub_category": "Lácteos, Huevos Y Refrigerados", "comercial_name": "Jumbo", "comercial_id": "900.155.107", "price": 24890.0, "unit_price": 24890.0},
{"result_date": "2025-09-30", "result_time": "17:41:13", "name": "Queso Campesino Alpina 250g", "total_unit_quantity": 250.0, "unit_type": "g", "category": "Supermercado", "sub_category": "Lácteos, Huevos Y Refrigerados", "comercial_name": "Jumbo", "comercial_id": "900.155.107", "price": 12090.0, "unit_price": 48.36},
{"result_date": "2025-09-30", "result_time": "17:42:38", "name": "Salsa de Tomate Fruco Pague 800g Lleve 1000g", "total_unit_quantity": 1000.0, "unit_type": "g", "category": "Supermercado", "sub_category": "Despensa", "comercial_name": "Jumbo", "comercial_id": "900.155.107", "price": 19390.0, "unit_price": 19.39},
{"result_date": "2025-09-30", "result_time": "17:42:38", "name": "Salsa Fruco Mayo Parrilla x200G", "total_unit_quantity": 200.0, "unit_type": "G", "category": "Supermercado", "sub_category": "Despensa", "comercial_name": "Jumbo", "comercial_id": "900.155.107", "price": 8090.0, "unit_price": 40.45},
{"result_date": "2025-09-30", "result_time": "17:42:38", "name": "Aceite Cuisine&Co Mezcla Vegetal x3000Ml", "total_unit_quantity": 3000.0, "unit_type": "Ml", "category": "Supermercado", "sub_category": "Despensa", "comercial_name": "Jumbo", "comercial_id": "900.155.107", "price": 22890.0, "unit_price": 7.63},
{"result_date": "2025-09-30", "result_time": "17:42:38", "name": "Arroz Diana blanco x10kg", "total_unit_quantity": 10.0, "unit_type": "kg", "category": "Supermercado", "sub_category": "Despensa", "comercial_name": "Jumbo", "comercial_id": "900.155.107", "price": 44690.0, "unit_price": 4469.0},
{"result_date": "2025-09-30", "result_time": "17:42:38", "name": "Aceite Premier girasol x2700ml", "total_unit_quantity": 2700.0, "unit_type": "ml", "category": "Supermercado", "sub_category": "Despensa", "comercial_name": "Jumbo", "comercial_id": "900.155.107", "price": 56290.0, "unit_price": 20.848148148148148},
{"result_date": "2025-09-30", "result_time": "17:42:38", "name": "Arroz Diana blanco x5kg", "total_unit_quantity": 5.0, "unit_type": "kg", "category": "Supermercado", "sub_category": "Despensa", "comercial_name": "Jumbo", "comercial_id": "900.155.107", "price": 22190.0, "unit_price": 4438.0},
{"result_date": "2025-09-30", "result_time": "17:42:38", "name": "Chocolate Corona Tradicional x18 Und x450grs", "total_unit_quantity": 450.0, "unit_type": "grs", "category": "Supermercado", "sub_category": "Despensa", "comercial_name": "Jumbo", "comercial_id": "900.155.107", "price": 16390.0, "unit_price": 36.422222222222224},
{"result_date": "2025-09-30", "result_time": "17:42:38", "name": "Aceite Gourmet Familia Multiusos x2600ml", "total_unit_quantity": 2600.0, "unit_type": "ml", "category": "Supermercado", "sub_category": "Despensa", "comercial_name": "Jumbo", "comercial_id": "900.155.107", "price": 57990.0, "unit_price": 22.303846153846155},
{"result_date": "2025-09-30", "result_time": "17:43:03", "name": "Leche Deslactosada Alqueria 1L x6unds", "total_unit_quantity": 1.0, "unit_type": "L", "category": "Supermercado", "sub_category": "Lácteos, Huevos Y Refrigerados", "comercial_name": "Jumbo", "comercial_id": "900.155.107", "price": 29990.0, "unit_price": 29990.0},
{"result_date": "2025-09-30", "result_time": "17:43:03", "name": "Leche Sabor Original Alqueria 1L x6unds", "total_unit_quantity": 1.0, "unit_type": "L", "category": "Supermercado", "sub_category": "Lácteos, Huevos Y Refrigerados", "comercial_name": "Jumbo", "comercial_id": "900.155.107", "price": 29990.0, "unit_price": 29990.0},
{"result_date": "2025-09-30", "result_time": "17:43:03", "name": "Leche Entera Colanta Bolsa x6 Und x1000ml", "total_unit_quantity": 1000.0, "unit_type": "ml", "category": "Supermercado", "sub_category": "Lácteos, Huevos Y Refrigerados", "comercial_name": "Jumbo", "comercial_id": "900.155.107", "price": 30350.0, "unit_price": 30.35},
{"result_date": "2025-09-30", "result_time": "17:43:03", "name": "Leche Deslactosada Colanta Bolsa x6 Und x1000ml", "total_unit_quantity": 1000.0, "unit_type": "ml", "category": "Supermercado", "sub_category": "Lácteos, Huevos Y Refrigerados", "comercial_name": "Jumbo", "comercial_id": "900.155.107", "price": 29300.0, "unit_price": 29.3},
{"result_date": "2025-09-30", "result_time": "17:43:03", "name": "Leche Entera Colanta Bolsa x6 Und x1100", "total_unit_quantity": 1, "unit_type": "un", "category": "Supermercado", "sub_category": "Lácteos, Huevos Y Refrigerados", "comercial_name": "Jumbo", "comercial_id": "900.155.107", "price": 33790.0, "unit_price": 33790.0},
{"result_date": "2025-09-30", "result_time": "17:43:03", "name": "Leche Deslactosada Alpina Bolsa x6 Und x1100ml", "total_unit_quantity": 1100.0, "unit_type": "ml", "category": "Supermercado", "sub_category": "Lácteos, Huevos Y Refrigerados", "comercial_name": "Jumbo", "comercial_id": "900.155.107", "price": 36990.0, "unit_price": 33.627272727272725},
{"result_date": "2025-09-30", "result_time": "17:43:03", "name": "Huevos AA rojos Santa Reyes x30und", "total_unit_quantity": 1, "unit_type": "un", "category": "Supermercado", "sub_category": "Lácteos, Huevos Y Refrigerados", "comercial_name": "Jumbo", "comercial_id": "900.155.107", "price": 25630.0, "unit_price": 25630.0},
{"result_date": "2025-09-30", "result_time": "17:43:03", "name": "Queso mozarella Alpina 25 tajadas x400g", "total_unit_quantity": 400.0, "unit_type": "g", "category": "Supermercado", "sub_category": "Lácteos, Huevos Y Refrigerados", "comercial_name": "Jumbo", "comercial_id": "900.155.107", "price": 22550.0, "unit_price": 56.375},
{"result_date": "2025-09-30", "result_time": "17:43:03", "name": "Yogurt griego Alpina natural x1000g", "total_unit_quantity": 1000.0, "unit_type": "g", "category": "Supermercado", "sub_category": "Lácteos, Huevos Y Refrigerados", "comercial_name": "Jumbo", "comercial_id": "900.155.107", "price": 35500.0, "unit_price": 35.5},
{"result_date": "2025-09-30", "result_time": "17:43:03", "name": "Queso parmesano Alpina bolsa x100g", "total_unit_quantity": 100.0, "unit_type": "g", "category": "Supermercado", "sub_category": "Lácteos, Huevos Y Refrigerados", "comercial_name": "Jumbo", "comercial_id": "900.155.107", "price": 11840.0, "unit_price": 118.4},
{"result_date": "2025-09-30", "result_time": "17:43:03", "name": "Huevos AAA rojos Santa Anita x30und", "total_unit_quantity": 1, "unit_type": "un", "category": "Supermercado", "sub_category": "Lácteos, Huevos Y Refrigerados", "comercial_name": "Jumbo", "comercial_id": "900.155.107", "price": 24890.0, "unit_price": 24890.0},
{"result_date": "2025-09-30", "result_time": "17:43:03", "name": "Queso Campesino Alpina 250g", "total_unit_quantity": 250.0, "unit_type": "g", "category": "Supermercado", "sub_category": "Lácteos, Huevos Y Refrigerados", "comercial_name": "Jumbo", "comercial_id": "900.155.107", "price": 12090.0, "unit_price": 48.36},
{"result_date": "2025-09-30", "result_time": "17:44:13", "name": "Salsa de Tomate Fruco Pague 800g Lleve 1000g", "total_unit_quantity": 1000.0, "unit_type": "g", "category": "Supermercado", "sub_category": "Despensa", "comercial_name": "Jumbo", "comercial_id": "900.155.107", "price": 19390.0, "unit_price": 19.39},
{"result_date": "2025-09-30", "result_time": "17:44:13", "name": "Salsa Fruco Mayo Parrilla x200G", "total_unit_quantity": 200.0, "unit_type": "G", "category": "Supermercado", "sub_category": "Despensa", "comercial_name": "Jumbo", "comercial_id": "900.155.107", "price": 8090.0, "unit_price": 40.45},
{"result_date": "2025-09-30", "result_time": "17:44:13", "name": "Aceite Cuisine&Co Mezcla Vegetal x3000Ml", "total_unit_quantity": 3000.0, "unit_type": "Ml", "category": "Supermercado", "sub_category": "Despensa", "comercial_name": "Jumbo", "comercial_id": "900.155.107", "price": 22890.0, "unit_price": 7.63},
{"result_date": "2025-09-30", "result_time": "17:44:13", "name": "Arroz Diana blanco x10kg", "total_unit_quantity": 10.0, "unit_type": "kg", "category": "Supermercado", "sub_category": "Despensa", "comercial_name": "Jumbo", "comercial_id": "900.155.107", "price": 44690.0, "unit_price": 4469.0},
{"result_date": "2025-09-30", "result_time": "17:44:13", "name": "Aceite Premier girasol x2700ml", "total_unit_quantity": 2700.0, "unit_type": "ml", "category": "Supermercado", "sub_category": "Despensa", "comercial_name": "Jumbo", "comercial_id": "900.155.107", "price": 56290.0, "unit_price": 20.848148148148148},
{"result_date": "2025-09-30", "result_time": "17:44:13", "name": "Arroz Diana blanco x5kg", "total_unit_quantity": 5.0, "unit_type": "kg", "category": "Supermercado", "sub_category": "Despensa", "comercial_name": "Jumbo", "comercial_id": "900.155.107", "price": 22190.0, "unit_price": 4438.0},
{"result_date": "2025-09-30", "result_time": "17:44:13", "name": "Chocolate Corona Tradicional x18 Und x450grs", "total_unit_quantity": 450.0, "unit_type": "grs", "category": "Supermercado", "sub_category": "Despensa", "comercial_name": "Jumbo", "comercial_id": "900.155.107", "price": 16390.0, "unit_price": 36.422222222222224},
{"result_date": "2025-09-30", "result_time": "17:44:13", "name": "Aceite Gourmet Familia Multiusos x2600ml", "total_unit_quantity": 2600.0, "unit_type": "ml", "category": "Supermercado", "sub_category": "Despensa", "comercial_name": "Jumbo", "comercial_id": "900.155.107", "price": 57990.0, "unit_price": 22.303846153846155},
{"result_date": "2025-09-30", "result_time": "17:44:43", "name": "Leche Deslactosada Alqueria 1L x6unds", "total_unit_quantity": 1.0, "unit_type": "L", "category": "Supermercado", "sub_category": "Lácteos, Huevos Y Refrigerados", "comercial_name": "Jumbo", "comercial_id": "900.155.107", "price": 29990.0, "unit_price": 29990.0},
{"result_date": "2025-09-30", "result_time": "17:44:43", "name": "Leche Sabor Original Alqueria 1L x6unds", "total_unit_quantity": 1.0, "unit_type": "L", "category": "Supermercado", "sub_category": "Lácteos, Huevos Y Refrigerados", "comercial_name": "Jumbo", "comercial_id": "900.155.107", "price": 29990.0, "unit_price": 29990.0},
{"result_date": "2025-09-30", "result_time": "17:44:43", "name": "Leche Entera Colanta Bolsa x6 Und x1000ml", "total_unit_quantity": 1000.0, "unit_type": "ml", "category": "Supermercado", "sub_category": "Lácteos, Huevos Y Refrigerados", "comercial_name": "Jumbo", "comercial_id": "900.155.107", "price": 30350.0, "unit_price": 30.35},
{"result_date": "2025-09-30", "result_time": "17:44:43", "name": "Leche Deslactosada Colanta Bolsa x6 Und x1000ml", "total_unit_quantity": 1000.0, "unit_type": "ml", "category": "Supermercado", "sub_category": "Lácteos, Huevos Y Refrigerados", "comercial_name": "Jumbo", "comercial_id": "900.155.107", "price": 29300.0, "unit_price": 29.3},
{"result_date": "2025-09-30", "result_time": "17:44:43", "name": "Leche Entera Colanta Bolsa x6 Und x1100", "total_unit_quantity": 1, "unit_type": "un", "category": "Supermercado", "sub_category": "Lácteos, Huevos Y Refrigerados", "comercial_name": "Jumbo", "comercial_id": "900.155.107", "price": 33790.0, "unit_price": 33790.0},
{"result_date": "2025-09-30", "result_time": "17:44:43", "name": "Leche Deslactosada Alpina Bolsa x6 Und x1100ml", "total_unit_quantity": 1100.0, "unit_type": "ml", "category": "Supermercado", "sub_category": "Lácteos, Huevos Y Refrigerados", "comercial_name": "Jumbo", "comercial_id": "900.155.107", "price": 36990.0, "unit_price": 33.627272727272725},
{"result_date": "2025-09-30", "result_time": "17:44:43", "name": "Huevos AA rojos Santa Reyes x30und", "total_unit_quantity": 1, "unit_type": "un", "category": "Supermercado", "sub_category": "Lácteos, Huevos Y Refrigerados", "comercial_name": "Jumbo", "comercial_id": "900.155.107", "price": 25630.0, "unit_price": 25630.0},
{"result_date": "2025-09-30", "result_time": "17:44:43", "name": "Queso mozarella Alpina 25 tajadas x400g", "total_unit_quantity": 400.0, "unit_type": "g", "category": "Supermercado", "sub_category": "Lácteos, Huevos Y Refrigerados", "comercial_name": "Jumbo", "comercial_id": "900.155.107", "price": 22550.0, "unit_price": 56.375},
{"result_date": "2025-09-30", "result_time": "17:44:43", "name": "Yogurt griego Alpina natural x1000g", "total_unit_quantity": 1000.0, "unit_type": "g", "category": "Supermercado", "sub_category": "Lácteos, Huevos Y Refrigerados", "comercial_name": "Jumbo", "comercial_id": "900.155.107", "price": 35500.0, "unit_price": 35.5},
{"result_date": "2025-09-30", "result_time": "17:44:43", "name": "Queso parmesano Alpina bolsa x100g", "total_unit_quantity": 100.0, "unit_type": "g", "category": "Supermercado", "sub_category": "Lácteos, Huevos Y Refrigerados", "comercial_name": "Jumbo", "comercial_id": "900.155.107", "price": 11840.0, "unit_price": 118.4},
{"result_date": "2025-09-30", "result_time": "17:44:43", "name": "Huevos AAA rojos Santa Anita x30und", "total_unit_quantity": 1, "unit_type": "un", "category": "Supermercado", "sub_category": "Lácteos, Huevos Y Refrigerados", "comercial_name": "Jumbo", "comercial_id": "900.155.107", "price": 24890.0, "unit_price": 24890.0},
{"result_date": "2025-09-30", "result_time": "17:44:43", "name": "Queso Campesino Alpina 250g", "total_unit_quantity": 250.0, "unit_type": "g", "category": "Supermercado", "sub_category": "Lácteos, Huevos Y Refrigerados", "comercial_name": "Jumbo", "comercial_id": "900.155.107", "price": 12090.0, "unit_price": 48.36},
{"result_date": "2025-09-30", "result_time": "17:45:58", "name": "Salsa de Tomate Fruco Pague 800g Lleve 1000g", "total_unit_quantity": 1000.0, "unit_type": "g", "category": "Supermercado", "sub_category": "Despensa", "comercial_name": "Jumbo", "comercial_id": "900.155.107", "price": 19390.0, "unit_price": 19.39},
{"result_date": "2025-09-30", "result_time": "17:45:58", "name": "Salsa Fruco Mayo Parrilla x200G", "total_unit_quantity": 200.0, "unit_type": "G", "category": "Supermercado", "sub_category": "Despensa", "comercial_name": "Jumbo", "comercial_id": "900.155.107", "price": 8090.0, "unit_price": 40.45},
{"result_date": "2025-09-30", "result_time": "17:45:58", "name": "Aceite Cuisine&Co Mezcla Vegetal x3000Ml", "total_unit_quantity": 3000.0, "unit_type": "Ml", "category": "Supermercado", "sub_category": "Despensa", "comercial_name": "Jumbo", "comercial_id": "900.155.107", "price": 22890.0, "unit_price": 7.63},
{"result_date": "2025-09-30", "result_time": "17:45:58", "name": "Arroz Diana blanco x10kg", "total_unit_quantity": 10.0, "unit_type": "kg", "category": "Supermercado", "sub_category": "Despensa", "comercial_name": "Jumbo", "comercial_id": "900.155.107", "price": 44690.0, "unit_price": 4469.0},
{"result_date": "2025-09-30", "result_time": "17:45:58", "name": "Aceite Premier girasol x2700ml", "total_unit_quantity": 2700.0, "unit_type": "ml", "category": "Supermercado", "sub_category": "Despensa", "comercial_name": "Jumbo", "comercial_id": "900.155.107", "price": 56290.0, "unit_price": 20.848148148148148},
{"result_date": "2025-09-30", "result_time": "17:45:58", "name": "Arroz Diana blanco x5kg", "total_unit_quantity": 5.0, "unit_type": "kg", "category": "Supermercado", "sub_category": "Despensa", "comercial_name": "Jumbo", "comercial_id": "900.155.107", "price": 22190.0, "unit_price": 4438.0},
{"result_date": "2025-09-30", "result_time": "17:45:58", "name": "Chocolate Corona Tradicional x18 Und x450grs", "total_unit_quantity": 450.0, "unit_type": "grs", "category": "Supermercado", "sub_category": "Despensa", "comercial_name": "Jumbo", "comercial_id": "900.155.107", "price": 16390.0, "unit_price": 36.422222222222224},
{"result_date": "2025-09-30", "result_time": "17:45:58", "name": "Aceite Gourmet Familia Multiusos x2600ml", "total_unit_quantity": 2600.0, "unit_type": "ml", "category": "Supermercado", "sub_category": "Despensa", "comercial_name": "Jumbo", "comercial_id": "900.155.107", "price": 57990.0, "unit_price": 22.303846153846155},
{"result_date": "2025-09-30", "result_time": "17:46:23", "name": "Leche Deslactosada Alqueria 1L x6unds", "total_unit_quantity": 1.0, "unit_type": "L", "category": "Supermercado", "sub_category": "Lácteos, Huevos Y Refrigerados", "comercial_name": "Jumbo", "comercial_id": "900.155.107", "price": 29990.0, "unit_price": 29990.0},
{"result_date": "2025-09-30", "result_time": "17:46:23", "name": "Leche Sabor Original Alqueria 1L x6unds", "total_unit_quantity": 1.0, "unit_type": "L", "category": "Supermercado", "sub_category": "Lácteos, Huevos Y Refrigerados", "comercial_name": "Jumbo", "comercial_id": "900.155.107", "price": 29990.0, "unit_price": 29990.0},
{"result_date": "2025-09-30", "result_time": "17:46:23", "name": "Leche Entera Colanta Bolsa x6 Und x1000ml", "total_unit_quantity": 1000.0, "unit_type": "ml", "category": "Supermercado", "sub_category": "Lácteos, Huevos Y Refrigerados", "comercial_name": "Jumbo", "comercial_id": "900.155.107", "price": 30350.0, "unit_price": 30.35},
{"result_date": "2025-09-30", "result_time": "17:46:23", "name": "Leche Deslactosada Colanta Bolsa x6 Und x1000ml", "total_unit_quantity": 1000.0, "unit_type": "ml", "category": "Supermercado", "sub_category": "Lácteos, Huevos Y Refrigerados", "comercial_name": "Jumbo", "comercial_id": "900.155.107", "price": 29300.0, "unit_price": 29.3},
{"result_date": "2025-09-30", "result_time": "17:46:23", "name": "Leche Entera Colanta Bolsa x6 Und x1100", "total_unit_quantity": 1, "unit_type": "un", "category": "Supermercado", "sub_category": "Lácteos, Huevos Y Refrigerados", "comercial_name": "Jumbo", "comercial_id": "900.155.107", "price": 33790.0, "unit_price": 33790.0},
{"result_date": "2025-09-30", "result_time": "17:46:23", "name": "Leche Deslactosada Alpina Bolsa x6 Und x1100ml", "total_unit_quantity": 1100.0, "unit_type": "ml", "category": "Supermercado", "sub_category": "Lácteos, Huevos Y Refrigerados", "comercial_name": "Jumbo", "comercial_id": "900.155.107", "price": 36990.0, "unit_price": 33.627272727272725},
{"result_date": "2025-09-30", "result_time": "17:46:23", "name": "Huevos AA rojos Santa Reyes x30und", "total_unit_quantity": 1, "unit_type": "un", "category": "Supermercado", "sub_category": "Lácteos, Huevos Y Refrigerados", "comercial_name": "Jumbo", "comercial_id": "900.155.107", "price": 25630.0, "unit_price": 25630.0},
{"result_date": "2025-09-30", "result_time": "17:46:23", "name": "Queso mozarella Alpina 25 tajadas x400g", "total_unit_quantity": 400.0, "unit_type": "g", "category": "Supermercado", "sub_category": "Lácteos, Huevos Y Refrigerados", "comercial_name": "Jumbo", "comercial_id": "900.155.107", "price": 22550.0, "unit_price": 56.375},
{"result_date": "2025-09-30", "result_time": "17:46:23", "name": "Yogurt griego Alpina natural x1000g", "total_unit_quantity": 1000.0, "unit_type": "g", "category": "Supermercado", "sub_category": "Lácteos, Huevos Y Refrigerados", "comercial_name": "Jumbo", "comercial_id": "900.155.107", "price": 35500.0, "unit_price": 35.5},
{"result_date": "2025-09-30", "result_time": "17:46:23", "name": "Queso parmesano Alpina bolsa x100g", "total_unit_quantity": 100.0, "unit_type": "g", "category": "Supermercado", "sub_category": "Lácteos, Huevos Y Refrigerados", "comercial_name": "Jumbo", "comercial_id": "900.155.107", "price": 11840.0, "unit_price": 118.4},
{"result_date": "2025-09-30", "result_time": "17:46:23", "name": "Huevos AAA rojos Santa Anita x30und", "total_unit_quantity": 1, "unit_type": "un", "category": "Supermercado", "sub_category": "Lácteos, Huevos Y Refrigerados", "comercial_name": "Jumbo", "comercial_id": "900.155.107", "price": 24890.0, "unit_price": 24890.0},
{"result_date": "2025-09-30", "result_time": "17:46:23", "name": "Queso Campesino Alpina 250g", "total_unit_quantity": 250.0, "unit_type": "g", "category": "Supermercado", "sub_category": "Lácteos, Huevos Y Refrigerados", "comercial_name": "Jumbo", "comercial_id": "900.155.107", "price": 12090.0, "unit_price": 48.36},
{"result_date": "2025-09-30", "result_time": "17:47:38", "name": "Salsa de Tomate Fruco Pague 800g Lleve 1000g", "total_unit_quantity": 1000.0, "unit_type": "g", "category": "Supermercado", "sub_category": "Despensa", "comercial_name": "Jumbo", "comercial_id": "900.155.107", "price": 19390.0, "unit_price": 19.39},
{"result_date": "2025-09-30", "result_time": "17:47:38", "name": "Salsa Fruco Mayo Parrilla x200G", "total_unit_quantity": 200.0, "unit_type": "G", "category": "Supermercado", "sub_category": "Despensa", "comercial_name": "Jumbo", "comercial_id": "900.155.107", "price": 8090.0, "unit_price": 40.45},
{"result_date": "2025-09-30", "result_time": "17:47:38", "name": "Aceite Cuisine&Co Mezcla Vegetal x3000Ml", "total_unit_quantity": 3000.0, "unit_type": "Ml", "category": "Supermercado", "sub_category": "Despensa", "comercial_name": "Jumbo", "comercial_id": "900.155.107", "price": 22890.0, "unit_price": 7.63},
{"result_date": "2025-09-30", "result_time": "17:47:38", "name": "Arroz Diana blanco x10kg", "total_unit_quantity": 10.0, "unit_type": "kg", "category": "Supermercado", "sub_category": "Despensa", "comercial_name": "Jumbo", "comercial_id": "900.155.107", "price": 44690.0, "unit_price": 4469.0},
{"result_date": "2025-09-30", "result_time": "17:47:38", "name": "Aceite Premier girasol x2700ml", "total_unit_quantity": 2700.0, "unit_type": "ml", "category": "Supermercado", "sub_category": "Despensa", "comercial_name": "Jumbo", "comercial_id": "900.155.107", "price": 56290.0, "unit_price": 20.848148148148148},
{"result_date": "2025-09-30", "result_time": "17:47:38", "name": "Arroz Diana blanco x5kg", "total_unit_quantity": 5.0, "unit_type": "kg", "category": "Supermercado", "sub_category": "Despensa", "comercial_name": "Jumbo", "comercial_id": "900.155.107", "price": 22190.0, "unit_price": 4438.0},
{"result_date": "2025-09-30", "result_time": "17:47:38", "name": "Chocolate Corona Tradicional x18 Und x450grs", "total_unit_quantity": 450.0, "unit_type": "grs", "category": "Supermercado", "sub_category": "Despensa", "comercial_name": "Jumbo", "comercial_id": "900.155.107", "price": 16390.0, "unit_price": 36.422222222222224},
{"result_date": "2025-09-30", "result_time": "17:47:38", "name": "Aceite Gourmet Familia Multiusos x2600ml", "total_unit_quantity": 2600.0, "unit_type": "ml", "category": "Supermercado", "sub_category": "Despensa", "comercial_name": "Jumbo", "comercial_id": "900.155.107", "price": 57990.0, "unit_price": 22.303846153846155},
{"result_date": "2025-09-30", "result_time": "17:48:03", "name": "Leche Deslactosada Alqueria 1L x6unds", "total_unit_quantity": 1.0, "unit_type": "L", "category": "Supermercado", "sub_category": "Lácteos, Huevos Y Refrigerados", "comercial_name": "Jumbo", "comercial_id": "900.155.107", "price": 29990.0, "unit_price": 29990.0},
{"result_date": "2025-09-30", "result_time": "17:48:03", "name": "Leche Sabor Original Alqueria 1L x6unds", "total_unit_quantity": 1.0, "unit_type": "L", "category": "Supermercado", "sub_category": "Lácteos, Huevos Y Refrigerados", "comercial_name": "Jumbo", "comercial_id": "900.155.107", "price": 29990.0, "unit_price": 29990.0},
{"result_date": "2025-09-30", "result_time": "17:48:03", "name": "Leche Entera Colanta Bolsa x6 Und x1000ml", "total_unit_quantity": 1000.0, "unit_type": "ml", "category": "Supermercado", "sub_category": "Lácteos, Huevos Y Refrigerados", "comercial_name": "Jumbo", "comercial_id": "900.155.107", "price": 30350.0, "unit_price": 30.35},
{"result_date": "2025-09-30", "result_time": "17:48:03", "name": "Leche Deslactosada Colanta Bolsa x6 Und x1000ml", "total_unit_quantity": 1000.0, "unit_type": "ml", "category": "Supermercado", "sub_category": "Lácteos, Huevos Y Refrigerados", "comercial_name": "Jumbo", "comercial_id": "900.155.107", "price": 29300.0, "unit_price": 29.3},
{"result_date": "2025-09-30", "result_time": "17:48:03", "name": "Leche Entera Colanta Bolsa x6 Und x1100", "total_unit_quantity": 1, "unit_type": "un", "category": "Supermercado", "sub_category": "Lácteos, Huevos Y Refrigerados", "comercial_name": "Jumbo", "comercial_id": "900.155.107", "price": 33790.0, "unit_price": 33790.0},
{"result_date": "2025-09-30", "result_time": "17:48:03", "name": "Leche Deslactosada Alpina Bolsa x6 Und x1100ml", "total_unit_quantity": 1100.0, "unit_type": "ml", "category": "Supermercado", "sub_category": "Lácteos, Huevos Y Refrigerados", "comercial_name": "Jumbo", "comercial_id": "900.155.107", "price": 36990.0, "unit_price": 33.627272727272725},
{"result_date": "2025-09-30", "result_time": "17:48:03", "name": "Huevos AA rojos Santa Reyes x30und", "total_unit_quantity": 1, "unit_type": "un", "category": "Supermercado", "sub_category": "Lácteos, Huevos Y Refrigerados", "comercial_name": "Jumbo", "comercial_id": "900.155.107", "price": 25630.0, "unit_price": 25630.0},
{"result_date": "2025-09-30", "result_time": "17:48:03", "name": "Queso mozarella Alpina 25 tajadas x400g", "total_unit_quantity": 400.0, "unit_type": "g", "category": "Supermercado", "sub_category": "Lácteos, Huevos Y Refrigerados", "comercial_name": "Jumbo", "comercial_id": "900.155.107", "price": 22550.0, "unit_price": 56.375},
{"result_date": "2025-09-30", "result_time": "17:48:03", "name": "Yogurt griego Alpina natural x1000g", "total_unit_quantity": 1000.0, "unit_type": "g", "category": "Supermercado", "sub_category": "Lácteos, Huevos Y Refrigerados", "comercial_name": "Jumbo", "comercial_id": "900.155.107", "price": 35500.0, "unit_price": 35.5},
{"result_date": "2025-09-30", "result_time": "17:48:03", "name": "Queso parmesano Alpina bolsa x100g", "total_unit_quantity": 100.0, "unit_type": "g", "category": "Supermercado", "sub_category": "Lácteos, Huevos Y Refrigerados", "comercial_name": "Jumbo", "comercial_id": "900.155.107", "price": 11840.0, "unit_price": 118.4},
{"result_date": "2025-09-30", "result_time": "17:48:03", "name": "Huevos AAA rojos Santa Anita x30und", "total_unit_quantity": 1, "unit_type": "un", "category": "Supermercado", "sub_category": "Lácteos, Huevos Y Refrigerados", "comercial_name": "Jumbo", "comercial_id": "900.155.107", "price": 24890.0, "unit_price": 24890.0},
{"result_date": "2025-09-30", "result_time": "17:48:03", "name": "Queso Campesino Alpina 250g", "total_unit_quantity": 250.0, "unit_type": "g", "category": "Supermercado", "sub_category": "Lácteos, Huevos Y Refrigerados", "comercial_name": "Jumbo", "comercial_id": "900.155.107", "price": 12090.0, "unit_price": 48.36},
{"result_date": "2025-09-30", "result_time": "17:49:13", "name": "Salsa de Tomate Fruco Pague 800g Lleve 1000g", "total_unit_quantity": 1000.0, "unit_type": "g", "category": "Supermercado", "sub_category": "Despensa", "comercial_name": "Jumbo", "comercial_id": "900.155.107", "price": 19390.0, "unit_price": 19.39},
{"result_date": "2025-09-30", "result_time": "17:49:13", "name": "Salsa Fruco Mayo Parrilla x200G", "total_unit_quantity": 200.0, "unit_type": "G", "category": "Supermercado", "sub_category": "Despensa", "comercial_name": "Jumbo", "comercial_id": "900.155.107", "price": 8090.0, "unit_price": 40.45},
{"result_date": "2025-09-30", "result_time": "17:49:13", "name": "Aceite Cuisine&Co Mezcla Vegetal x3000Ml", "total_unit_quantity": 3000.0, "unit_type": "Ml", "category": "Supermercado", "sub_category": "Despensa", "comercial_name": "Jumbo", "comercial_id": "900.155.107", "price": 22890.0, "unit_price": 7.63},
{"result_date": "2025-09-30", "result_time": "17:49:13", "name": "Arroz Diana blanco x10kg", "total_unit_quantity": 10.0, "unit_type": "kg", "category": "Supermercado", "sub_category": "Despensa", "comercial_name": "Jumbo", "comercial_id": "900.155.107", "price": 44690.0, "unit_price": 4469.0},
{"result_date": "2025-09-30", "result_time": "17:49:13", "name": "Aceite Premier girasol x2700ml", "total_unit_quantity": 2700.0, "unit_type": "ml", "category": "Supermercado", "sub_category": "Despensa", "comercial_name": "Jumbo", "comercial_id": "900.155.107", "price": 56290.0, "unit_price": 20.848148148148148},
{"result_date": "2025-09-30", "result_time": "17:49:13", "name": "Arroz Diana blanco x5kg", "total_unit_quantity": 5.0, "unit_type": "kg", "category": "Supermercado", "sub_category": "Despensa", "comercial_name": "Jumbo", "comercial_id": "900.155.107", "price": 22190.0, "unit_price": 4438.0},
{"result_date": "2025-09-30", "result_time": "17:49:13", "name": "Chocolate Corona Tradicional x18 Und x450grs", "total_unit_quantity": 450.0, "unit_type": "grs", "category": "Supermercado", "sub_category": "Despensa", "comercial_name": "Jumbo", "comercial_id": "900.155.107", "price": 16390.0, "unit_price": 36.422222222222224},
{"result_date": "2025-09-30", "result_time": "17:49:13", "name": "Aceite Gourmet Familia Multiusos x2600ml", "total_unit_quantity": 2600.0, "unit_type": "ml", "category": "Supermercado", "sub_category": "Despensa", "comercial_name": "Jumbo", "comercial_id": "900.155.107", "price": 57990.0, "unit_price": 22.303846153846155},
{"result_date": "2025-09-30", "result_time": "17:49:43", "name": "Leche Deslactosada Alqueria 1L x6unds", "total_unit_quantity": 1.0, "unit_type": "L", "category": "Supermercado", "sub_category": "Lácteos, Huevos Y Refrigerados", "comercial_name": "Jumbo", "comercial_id": "900.155.107", "price": 29990.0, "unit_price": 29990.0},
{"result_date": "2025-09-30", "result_time": "17:49:43", "name": "Leche Sabor Original Alqueria 1L x6unds", "total_unit_quantity": 1.0, "unit_type": "L", "category": "Supermercado", "sub_category": "Lácteos, Huevos Y Refrigerados", "comercial_name": "Jumbo", "comercial_id": "900.155.107", "price": 29990.0, "unit_price": 29990.0},
{"result_date": "2025-09-30", "result_time": "17:49:43", "name": "Leche Entera Colanta Bolsa x6 Und x1000ml", "total_unit_quantity": 1000.0, "unit_type": "ml", "category": "Supermercado", "sub_category": "Lácteos, Huevos Y Refrigerados", "comercial_name": "Jumbo", "comercial_id": "900.155.107", "price": 30350.0, "unit_price": 30.35},
{"result_date": "2025-09-30", "result_time": "17:49:43", "name": "Leche Deslactosada Colanta Bolsa x6 Und x1000ml", "total_unit_quantity": 1000.0, "unit_type": "ml", "category": "Supermercado", "sub_category": "Lácteos, Huevos Y Refrigerados", "comercial_name": "Jumbo", "comercial_id": "900.155.107", "price": 29300.0, "unit_price": 29.3},
{"result_date": "2025-09-30", "result_time": "17:49:43", "name": "Leche Entera Colanta Bolsa x6 Und x1100", "total_unit_quantity": 1, "unit_type": "un", "category": "Supermercado", "sub_category": "Lácteos, Huevos Y Refrigerados", "comercial_name": "Jumbo", "comercial_id": "900.155.107", "price": 33790.0, "unit_price": 33790.0},
{"result_date": "2025-09-30", "result_time": "17:49:43", "name": "Leche Deslactosada Alpina Bolsa x6 Und x1100ml", "total_unit_quantity": 1100.0, "unit_type": "ml", "category": "Supermercado", "sub_category": "Lácteos, Huevos Y Refrigerados", "comercial_name": "Jumbo", "comercial_id": "900.155.107", "price": 36990.0, "unit_price": 33.627272727272725},
{"result_date": "2025-09-30", "result_time": "17:49:43", "name": "Huevos AA rojos Santa Reyes x30und", "total_unit_quantity": 1, "unit_type": "un", "category": "Supermercado", "sub_category": "Lácteos, Huevos Y Refrigerados", "comercial_name": "Jumbo", "comercial_id": "900.155.107", "price": 25630.0, "unit_price": 25630.0},
{"result_date": "2025-09-30", "result_time": "17:49:43", "name": "Queso mozarella Alpina 25 tajadas x400g", "total_unit_quantity": 400.0, "unit_type": "g", "category": "Supermercado", "sub_category": "Lácteos, Huevos Y Refrigerados", "comercial_name": "Jumbo", "comercial_id": "900.155.107", "price": 22550.0, "unit_price": 56.375},
{"result_date": "2025-09-30", "result_time": "17:49:43", "name": "Yogurt griego Alpina natural x1000g", "total_unit_quantity": 1000.0, "unit_type": "g", "category": "Supermercado", "sub_category": "Lácteos, Huevos Y Refrigerados", "comercial_name": "Jumbo", "comercial_id": "900.155.107", "price": 35500.0, "unit_price": 35.5},
{"result_date": "2025-09-30", "result_time": "17:49:43", "name": "Queso parmesano Alpina bolsa x100g", "total_unit_quantity": 100.0, "unit_type": "g", "category": "Supermercado", "sub_category": "Lácteos, Huevos Y Refrigerados", "comercial_name": "Jumbo", "comercial_id": "900.155.107", "price": 11840.0, "unit_price": 118.4},
{"result_date": "2025-09-30", "result_time": "17:49:43", "name": "Huevos AAA rojos Santa Anita x30und", "total_unit_quantity": 1, "unit_type": "un", "category": "Supermercado", "sub_category": "Lácteos, Huevos Y Refrigerados", "comercial_name": "Jumbo", "comercial_id": "900.155.107", "price": 24890.0, "unit_price": 24890.0},
{"result_date": "2025-09-30", "result_time": "17:49:43", "name": "Queso Campesino Alpina 250g", "total_unit_quantity": 250.0, "unit_type": "g", "category": "Supermercado", "sub_category": "Lácteos, Huevos Y Refrigerados", "comercial_name": "Jumbo", "comercial_id": "900.155.107", "price": 12090.0, "unit_price": 48.36},
{"result_date": "2025-09-30", "result_time": "17:50:47", "name": "Salsa de Tomate Fruco Pague 800g Lleve 1000g", "total_unit_quantity": 1000.0, "unit_type": "g", "category": "Supermercado", "sub_category": "Despensa", "comercial_name": "Jumbo", "comercial_id": "900.155.107", "price": 19390.0, "unit_price": 19.39},
{"result_date": "2025-09-30", "result_time": "17:50:47", "name": "Salsa Fruco Mayo Parrilla x200G", "total_unit_quantity": 200.0, "unit_type": "G", "category": "Supermercado", "sub_category": "Despensa", "comercial_name": "Jumbo", "comercial_id": "900.155.107", "price": 8090.0, "unit_price": 40.45},
{"result_date": "2025-09-30", "result_time": "17:50:47", "name": "Aceite Cuisine&Co Mezcla Vegetal x3000Ml", "total_unit_quantity": 3000.0, "unit_type": "Ml", "category": "Supermercado", "sub_category": "Despensa", "comercial_name": "Jumbo", "comercial_id": "900.155.107", "price": 22890.0, "unit_price": 7.63},
{"result_date": "2025-09-30", "result_time": "17:50:47", "name": "Arroz Diana blanco x10kg", "total_unit_quantity": 10.0, "unit_type": "kg", "category": "Supermercado", "sub_category": "Despensa", "comercial_name": "Jumbo", "comercial_id": "900.155.107", "price": 44690.0, "unit_price": 4469.0},
{"result_date": "2025-09-30", "result_time": "17:50:47", "name": "Aceite Premier girasol x2700ml", "total_unit_quantity": 2700.0, "unit_type": "ml", "category": "Supermercado", "sub_category": "Despensa", "comercial_name": "Jumbo", "comercial_id": "900.155.107", "price": 56290.0, "unit_price": 20.848148148148148},
{"result_date": "2025-09-30", "result_time": "17:50:47", "name": "Arroz Diana blanco x5kg", "total_unit_quantity": 5.0, "unit_type": "kg", "category": "Supermercado", "sub_category": "Despensa", "comercial_name": "Jumbo", "comercial_id": "900.155.107", "price": 22190.0, "unit_price": 4438.0},
{"result_date": "2025-09-30", "result_time": "17:50:47", "name": "Chocolate Corona Tradicional x18 Und x450grs", "total_unit_quantity": 450.0, "unit_type": "grs", "category": "Supermercado", "sub_category": "Despensa", "comercial_name": "Jumbo", "comercial_id": "900.155.107", "price": 16390.0, "unit_price": 36.422222222222224},
{"result_date": "2025-09-30", "result_time": "17:50:47", "name": "Aceite Gourmet Familia Multiusos x2600ml", "total_unit_quantity": 2600.0, "unit_type": "ml", "category": "Supermercado", "sub_category": "Despensa", "comercial_name": "Jumbo", "comercial_id": "900.155.107", "price": 57990.0, "unit_price": 22.303846153846155},
{"result_date": "2025-09-30", "result_time": "17:51:13", "name": "Leche Deslactosada Alqueria 1L x6unds", "total_unit_quantity": 1.0, "unit_type": "L", "category": "Supermercado", "sub_category": "Lácteos, Huevos Y Refrigerados", "comercial_name": "Jumbo", "comercial_id": "900.155.107", "price": 29990.0, "unit_price": 29990.0},
{"result_date": "2025-09-30", "result_time": "17:51:13", "name": "Leche Sabor Original Alqueria 1L x6unds", "total_unit_quantity": 1.0, "unit_type": "L", "category": "Supermercado", "sub_category": "Lácteos, Huevos Y Refrigerados", "comercial_name": "Jumbo", "comercial_id": "900.155.107", "price": 29990.0, "unit_price": 29990.0},
{"result_date": "2025-09-30", "result_time": "17:51:13", "name": "Leche Entera Colanta Bolsa x6 Und x1000ml", "total_unit_quantity": 1000.0, "unit_type": "ml", "category": "Supermercado", "sub_category": "Lácteos, Huevos Y Refrigerados", "comercial_name": "Jumbo", "comercial_id": "900.155.107", "price": 30350.0, "unit_price": 30.35},
{"result_date": "2025-09-30", "result_time": "17:51:13", "name": "Leche Deslactosada Colanta Bolsa x6 Und x1000ml", "total_unit_quantity": 1000.0, "unit_type": "ml", "category": "Supermercado", "sub_category": "Lácteos, Huevos Y Refrigerados", "comercial_name": "Jumbo", "comercial_id": "900.155.107", "price": 29300.0, "unit_price": 29.3},
{"result_date": "2025-09-30", "result_time": "17:51:13", "name": "Leche Entera Colanta Bolsa x6 Und x1100", "total_unit_quantity": 1, "unit_type": "un", "category": "Supermercado", "sub_category": "Lácteos, Huevos Y Refrigerados", "comercial_name": "Jumbo", "comercial_id": "900.155.107", "price": 33790.0, "unit_price": 33790.0},
{"result_date": "2025-09-30", "result_time": "17:51:13", "name": "Leche Deslactosada Alpina Bolsa x6 Und x1100ml", "total_unit_quantity": 1100.0, "unit_type": "ml", "category": "Supermercado", "sub_category": "Lácteos, Huevos Y Refrigerados", "comercial_name": "Jumbo", "comercial_id": "900.155.107", "price": 36990.0, "unit_price": 33.627272727272725},
{"result_date": "2025-09-30", "result_time": "17:51:13", "name": "Huevos AA rojos Santa Reyes x30und", "total_unit_quantity": 1, "unit_type": "un", "category": "Supermercado", "sub_category": "Lácteos, Huevos Y Refrigerados", "comercial_name": "Jumbo", "comercial_id": "900.155.107", "price": 25630.0, "unit_price": 25630.0},
{"result_date": "2025-09-30", "result_time": "17:51:13", "name": "Queso mozarella Alpina 25 tajadas x400g", "total_unit_quantity": 400.0, "unit_type": "g", "category": "Supermercado", "sub_category": "Lácteos, Huevos Y Refrigerados", "comercial_name": "Jumbo", "comercial_id": "900.155.107", "price": 22550.0, "unit_price": 56.375},
{"result_date": "2025-09-30", "result_time": "17:51:13", "name": "Yogurt griego Alpina natural x1000g", "total_unit_quantity": 1000.0, "unit_type": "g", "category": "Supermercado", "sub_category": "Lácteos, Huevos Y Refrigerados", "comercial_name": "Jumbo", "comercial_id": "900.155.107", "price": 35500.0, "unit_price": 35.5},
{"result_date": "2025-09-30", "result_time": "17:51:13", "name": "Queso parmesano Alpina bolsa x100g", "total_unit_quantity": 100.0, "unit_type": "g", "category": "Supermercado", "sub_category": "Lácteos, Huevos Y Refrigerados", "comercial_name": "Jumbo", "comercial_id": "900.155.107", "price": 11840.0, "unit_price": 118.4},
{"result_date": "2025-09-30", "result_time": "17:51:13", "name": "Huevos AAA rojos Santa Anita x30und", "total_unit_quantity": 1, "unit_type": "un", "category": "Supermercado", "sub_category": "Lácteos, Huevos Y Refrigerados", "comercial_name": "Jumbo", "comercial_id": "900.155.107", "price": 24890.0, "unit_price": 24890.0},
{"result_date": "2025-09-30", "result_time": "17:51:13", "name": "Queso Campesino Alpina 250g", "total_unit_quantity": 250.0, "unit_type": "g", "category": "Supermercado", "sub_category": "Lácteos, Huevos Y Refrigerados", "comercial_name": "Jumbo", "comercial_id": "900.155.107", "price": 12090.0, "unit_price": 48.36},
{"result_date": "2025-09-30", "result_time": "17:52:23", "name": "Salsa de Tomate Fruco Pague 800g Lleve 1000g", "total_unit_quantity": 1000.0, "unit_type": "g", "category": "Supermercado", "sub_category": "Despensa", "comercial_name": "Jumbo", "comercial_id": "900.155.107", "price": 19390.0, "unit_price": 19.39},
{"result_date": "2025-09-30", "result_time": "17:52:23", "name": "Salsa Fruco Mayo Parrilla x200G", "total_unit_quantity": 200.0, "unit_type": "G", "category": "Supermercado", "sub_category": "Despensa", "comercial_name": "Jumbo", "comercial_id": "900.155.107", "price": 8090.0, "unit_price": 40.45},
{"result_date": "2025-09-30", "result_time": "17:52:23", "name": "Aceite Cuisine&Co Mezcla Vegetal x3000Ml", "total_unit_quantity": 3000.0, "unit_type": "Ml", "category": "Supermercado", "sub_category": "Despensa", "comercial_name": "Jumbo", "comercial_id": "900.155.107", "price": 22890.0, "unit_price": 7.63},
{"result_date": "2025-09-30", "result_time": "17:52:23", "name": "Arroz Diana blanco x10kg", "total_unit_quantity": 10.0, "unit_type": "kg", "category": "Supermercado", "sub_category": "Despensa", "comercial_name": "Jumbo", "comercial_id": "900.155.107", "price": 44690.0, "unit_price": 4469.0},
{"result_date": "2025-09-30", "result_time": "17:52:23", "name": "Aceite Premier girasol x2700ml", "total_unit_quantity": 2700.0, "unit_type": "ml", "category": "Supermercado", "sub_category": "Despensa", "comercial_name": "Jumbo", "comercial_id": "900.155.107", "price": 56290.0, "unit_price": 20.848148148148148},
{"result_date": "2025-09-30", "result_time": "17:52:23", "name": "Arroz Diana blanco x5kg", "total_unit_quantity": 5.0, "unit_type": "kg", "category": "Supermercado", "sub_category": "Despensa", "comercial_name": "Jumbo", "comercial_id": "900.155.107", "price": 22190.0, "unit_price": 4438.0},
{"result_date": "2025-09-30", "result_time": "17:52:23", "name": "Chocolate Corona Tradicional x18 Und x450grs", "total_unit_quantity": 450.0, "unit_type": "grs", "category": "Supermercado", "sub_category": "Despensa", "comercial_name": "Jumbo", "comercial_id": "900.155.107", "price": 16390.0, "unit_price": 36.422222222222224},
{"result_date": "2025-09-30", "result_time": "17:52:23", "name": "Aceite Gourmet Familia Multiusos x2600ml", "total_unit_quantity": 2600.0, "unit_type": "ml", "category": "Supermercado", "sub_category": "Despensa", "comercial_name": "Jumbo", "comercial_id": "900.155.107", "price": 57990.0, "unit_price": 22.303846153846155},
{"result_date": "2025-09-30", "result_time": "17:52:47", "name": "Leche Deslactosada Alqueria 1L x6unds", "total_unit_quantity": 1.0, "unit_type": "L", "category": "Supermercado", "sub_category": "Lácteos, Huevos Y Refrigerados", "comercial_name": "Jumbo", "comercial_id": "900.155.107", "price": 29990.0, "unit_price": 29990.0},
{"result_date": "2025-09-30", "result_time": "17:52:47", "name": "Leche Sabor Original Alqueria 1L x6unds", "total_unit_quantity": 1.0, "unit_type": "L", "category": "Supermercado", "sub_category": "Lácteos, Huevos Y Refrigerados", "comercial_name": "Jumbo", "comercial_id": "900.155.107", "price": 29990.0, "unit_price": 29990.0},
{"result_date": "2025-09-30", "result_time": "17:52:47", "name": "Leche Entera Colanta Bolsa x6 Und x1000ml", "total_unit_quantity": 1000.0, "unit_type": "ml", "category": "Supermercado", "sub_category": "Lácteos, Huevos Y Refrigerados", "comercial_name": "Jumbo", "comercial_id": "900.155.107", "price": 30350.0, "unit_price": 30.35},
{"result_date": "2025-09-30", "result_time": "17:52:47", "name": "Leche Deslactosada Colanta Bolsa x6 Und x1000ml", "total_unit_quantity": 1000.0, "unit_type": "ml", "category": "Supermercado", "sub_category": "Lácteos, Huevos Y Refrigerados", "comercial_name": "Jumbo", "comercial_id": "900.155.107", "price": 29300.0, "unit_price": 29.3},
{"result_date": "2025-09-30", "result_time": "17:52:47", "name": "Leche Entera Colanta Bolsa x6 Und x1100", "total_unit_quantity": 1, "unit_type": "un", "category": "Supermercado", "sub_category": "Lácteos, Huevos Y Refrigerados", "comercial_name": "Jumbo", "comercial_id": "900.155.107", "price": 33790.0, "unit_price": 33790.0},
{"result_date": "2025-09-30", "result_time": "17:52:47", "name": "Leche Deslactosada Alpina Bolsa x6 Und x1100ml", "total_unit_quantity": 1100.0, "unit_type": "ml", "category": "Supermercado", "sub_category": "Lácteos, Huevos Y Refrigerados", "comercial_name": "Jumbo", "comercial_id": "900.155.107", "price": 36990.0, "unit_price": 33.627272727272725},
{"result_date": "2025-09-30", "result_time": "17:52:47", "name": "Huevos AA rojos Santa Reyes x30und", "total_unit_quantity": 1, "unit_type": "un", "category": "Supermercado", "sub_category": "Lácteos, Huevos Y Refrigerados", "comercial_name": "Jumbo", "comercial_id": "900.155.107", "price": 25630.0, "unit_price": 25630.0},
{"result_date": "2025-09-30", "result_time": "17:52:47", "name": "Queso mozarella Alpina 25 tajadas x400g", "total_unit_quantity": 400.0, "unit_type": "g", "category": "Supermercado", "sub_category": "Lácteos, Huevos Y Refrigerados", "comercial_name": "Jumbo", "comercial_id": "900.155.107", "price": 22550.0, "unit_price": 56.375},
{"result_date": "2025-09-30", "result_time": "17:52:47", "name": "Yogurt griego Alpina natural x1000g", "total_unit_quantity": 1000.0, "unit_type": "g", "category": "Supermercado", "sub_category": "Lácteos, Huevos Y Refrigerados", "comercial_name": "Jumbo", "comercial_id": "900.155.107", "price": 35500.0, "unit_price": 35.5},
{"result_date": "2025-09-30", "result_time": "17:52:47", "name": "Queso parmesano Alpina bolsa x100g", "total_unit_quantity": 100.0, "unit_type": "g", "category": "Supermercado", "sub_category": "Lácteos, Huevos Y Refrigerados", "comercial_name": "Jumbo", "comercial_id": "900.155.107", "price": 11840.0, "unit_price": 118.4},
{"result_date": "2025-09-30", "result_time": "17:52:47", "name": "Huevos AAA rojos Santa Anita x30und", "total_unit_quantity": 1, "unit_type": "un", "category": "Supermercado", "sub_category": "Lácteos, Huevos Y Refrigerados", "comercial_name": "Jumbo", "comercial_id": "900.155.107", "price": 24890.0, "unit_price": 24890.0},
{"result_date": "2025-09-30", "result_time": "17:52:47", "name": "Queso Campesino Alpina 250g", "total_unit_quantity": 250.0, "unit_type": "g", "category": "Supermercado", "sub_category": "Lácteos, Huevos Y Refrigerados", "comercial_name": "Jumbo", "comercial_id": "900.155.107", "price": 12090.0, "unit_price": 48.36},
{"result_date": "2025-09-30", "result_time": "17:54:13", "name": "Salsa de Tomate Fruco Pague 800g Lleve 1000g", "total_unit_quantity": 1000.0, "unit_type": "g", "category": "Supermercado", "sub_category": "Despensa", "comercial_name": "Jumbo", "comercial_id": "900.155.107", "price": 19390.0, "unit_price": 19.39},
{"result_date": "2025-09-30", "result_time": "17:54:13", "name": "Salsa Fruco Mayo Parrilla x200G", "total_unit_quantity": 200.0, "unit_type": "G", "category": "Supermercado", "sub_category": "Despensa", "comercial_name": "Jumbo", "comercial_id": "900.155.107", "price": 8090.0, "unit_price": 40.45},
{"result_date": "2025-09-30", "result_time": "17:54:13", "name": "Aceite Cuisine&Co Mezcla Vegetal x3000Ml", "total_unit_quantity": 3000.0, "unit_type": "Ml", "category": "Supermercado", "sub_category": "Despensa", "comercial_name": "Jumbo", "comercial_id": "900.155.107", "price": 22890.0, "unit_price": 7.63},
{"result_date": "2025-09-30", "result_time": "17:54:13", "name": "Arroz Diana blanco x10kg", "total_unit_quantity": 10.0, "unit_type": "kg", "category": "Supermercado", "sub_category": "Despensa", "comercial_name": "Jumbo", "comercial_id": "900.155.107", "price": 44690.0, "unit_price": 4469.0},
{"result_date": "2025-09-30", "result_time": "17:54:13", "name": "Aceite Premier girasol x2700ml", "total_unit_quantity": 2700.0, "unit_type": "ml", "category": "Supermercado", "sub_category": "Despensa", "comercial_name": "Jumbo", "comercial_id": "900.155.107", "price": 56290.0, "unit_price": 20.848148148148148},
{"result_date": "2025-09-30", "result_time": "17:54:13", "name": "Arroz Diana blanco x5kg", "total_unit_quantity": 5.0, "unit_type": "kg", "category": "Supermercado", "sub_category": "Despensa", "comercial_name": "Jumbo", "comercial_id": "900.155.107", "price": 22190.0, "unit_price": 4438.0},
{"result_date": "2025-09-30", "result_time": "17:54:13", "name": "Chocolate Corona Tradicional x18 Und x450grs", "total_unit_quantity": 450.0, "unit_type": "grs", "category": "Supermercado", "sub_category": "Despensa", "comercial_name": "Jumbo", "comercial_id": "900.155.107", "price": 16390.0, "unit_price": 36.422222222222224},
{"result_date": "2025-09-30", "result_time": "17:54:13", "name": "Aceite Gourmet Familia Multiusos x2600ml", "total_unit_quantity": 2600.0, "unit_type": "ml", "category": "Supermercado", "sub_category": "Despensa", "comercial_name": "Jumbo", "comercial_id": "900.155.107", "price": 57990.0, "unit_price": 22.303846153846155},
{"result_date": "2025-09-30", "result_time": "17:54:33", "name": "Leche Deslactosada Alqueria 1L x6unds", "total_unit_quantity": 1.0, "unit_type": "L", "category": "Supermercado", "sub_category": "Lácteos, Huevos Y Refrigerados", "comercial_name": "Jumbo", "comercial_id": "900.155.107", "price": 29990.0, "unit_price": 29990.0},
{"result_date": "2025-09-30", "result_time": "17:54:33", "name": "Leche Sabor Original Alqueria 1L x6unds", "total_unit_quantity": 1.0, "unit_type": "L", "category": "Supermercado", "sub_category": "Lácteos, Huevos Y Refrigerados", "comercial_name": "Jumbo", "comercial_id": "900.155.107", "price": 29990.0, "unit_price": 29990.0},
{"result_date": "2025-09-30", "result_time": "17:54:33", "name": "Leche Entera Colanta Bolsa x6 Und x1000ml", "total_unit_quantity": 1000.0, "unit_type": "ml", "category": "Supermercado", "sub_category": "Lácteos, Huevos Y Refrigerados", "comercial_name": "Jumbo", "comercial_id": "900.155.107", "price": 30350.0, "unit_price": 30.35},
{"result_date": "2025-09-30", "result_time": "17:54:33", "name": "Leche Deslactosada Colanta Bolsa x6 Und x1000ml", "total_unit_quantity": 1000.0, "unit_type": "ml", "category": "Supermercado", "sub_category": "Lácteos, Huevos Y Refrigerados", "comercial_name": "Jumbo", "comercial_id": "900.155.107", "price": 29300.0, "unit_price": 29.3},
{"result_date": "2025-09-30", "result_time": "17:54:33", "name": "Leche Entera Colanta Bolsa x6 Und x1100", "total_unit_quantity": 1, "unit_type": "un", "category": "Supermercado", "sub_category": "Lácteos, Huevos Y Refrigerados", "comercial_name": "Jumbo", "comercial_id": "900.155.107", "price": 33790.0, "unit_price": 33790.0},
{"result_date": "2025-09-30", "result_time": "17:54:33", "name": "Leche Deslactosada Alpina Bolsa x6 Und x1100ml", "total_unit_quantity": 1100.0, "unit_type": "ml", "category": "Supermercado", "sub_category": "Lácteos, Huevos Y Refrigerados", "comercial_name": "Jumbo", "comercial_id": "900.155.107", "price": 36990.0, "unit_price": 33.627272727272725},
{"result_date": "2025-09-30", "result_time": "17:54:33", "name": "Huevos AA rojos Santa Reyes x30und", "total_unit_quantity": 1, "unit_type": "un", "category": "Supermercado", "sub_category": "Lácteos, Huevos Y Refrigerados", "comercial_name": "Jumbo", "comercial_id": "900.155.107", "price": 25630.0, "unit_price": 25630.0},
{"result_date": "2025-09-30", "result_time": "17:54:33", "name": "Queso mozarella Alpina 25 tajadas x400g", "total_unit_quantity": 400.0, "unit_type": "g", "category": "Supermercado", "sub_category": "Lácteos, Huevos Y Refrigerados", "comercial_name": "Jumbo", "comercial_id": "900.155.107", "price": 22550.0, "unit_price": 56.375},
{"result_date": "2025-09-30", "result_time": "17:54:33", "name": "Yogurt griego Alpina natural x1000g", "total_unit_quantity": 1000.0, "unit_type": "g", "category": "Supermercado", "sub_category": "Lácteos, Huevos Y Refrigerados", "comercial_name": "Jumbo", "comercial_id": "900.155.107", "price": 35500.0, "unit_price": 35.5},
{"result_date": "2025-09-30", "result_time": "17:54:33", "name": "Queso parmesano Alpina bolsa x100g", "total_unit_quantity": 100.0, "unit_type": "g", "category": "Supermercado", "sub_category": "Lácteos, Huevos Y Refrigerados", "comercial_name": "Jumbo", "comercial_id": "900.155.107", "price": 11840.0, "unit_price": 118.4},
{"result_date": "2025-09-30", "result_time": "17:54:33", "name": "Huevos AAA rojos Santa Anita x30und", "total_unit_quantity": 1, "unit_type": "un", "category": "Supermercado", "sub_category": "Lácteos, Huevos Y Refrigerados", "comercial_name": "Jumbo", "comercial_id": "900.155.107", "price": 24890.0, "unit_price": 24890.0},
{"result_date": "2025-09-30", "result_time": "17:54:33", "name": "Queso Campesino Alpina 250g", "total_unit_quantity": 250.0, "unit_type": "g", "category": "Supermercado", "sub_category": "Lácteos, Huevos Y Refrigerados", "comercial_name": "Jumbo", "comercial_id": "900.155.107", "price": 12090.0, "unit_price": 48.36},
{"result_date": "2025-09-30", "result_time": "17:56:03", "name": "Salsa de Tomate Fruco Pague 800g Lleve 1000g", "total_unit_quantity": 1000.0, "unit_type": "g", "category": "Supermercado", "sub_category": "Despensa", "comercial_name": "Jumbo", "comercial_id": "900.155.107", "price": 19390.0, "unit_price": 19.39},
{"result_date": "2025-09-30", "result_time": "17:56:03", "name": "Salsa Fruco Mayo Parrilla x200G", "total_unit_quantity": 200.0, "unit_type": "G", "category": "Supermercado", "sub_category": "Despensa", "comercial_name": "Jumbo", "comercial_id": "900.155.107", "price": 8090.0, "unit_price": 40.45},
{"result_date": "2025-09-30", "result_time": "17:56:03", "name": "Aceite Cuisine&Co Mezcla Vegetal x3000Ml", "total_unit_quantity": 3000.0, "unit_type": "Ml", "category": "Supermercado", "sub_category": "Despensa", "comercial_name": "Jumbo", "comercial_id": "900.155.107", "price": 22890.0, "unit_price": 7.63},
{"result_date": "2025-09-30", "result_time": "17:56:03", "name": "Arroz Diana blanco x10kg", "total_unit_quantity": 10.0, "unit_type": "kg", "category": "Supermercado", "sub_category": "Despensa", "comercial_name": "Jumbo", "comercial_id": "900.155.107", "price": 44690.0, "unit_price": 4469.0},
{"result_date": "2025-09-30", "result_time": "17:56:03", "name": "Aceite Premier girasol x2700ml", "total_unit_quantity": 2700.0, "unit_type": "ml", "category": "Supermercado", "sub_category": "Despensa", "comercial_name": "Jumbo", "comercial_id": "900.155.107", "price": 56290.0, "unit_price": 20.848148148148148},
{"result_date": "2025-09-30", "result_time": "17:56:03", "name": "Arroz Diana blanco x5kg", "total_unit_quantity": 5.0, "unit_type": "kg", "category": "Supermercado", "sub_category": "Despensa", "comercial_name": "Jumbo", "comercial_id": "900.155.107", "price": 22190.0, "unit_price": 4438.0},
{"result_date": "2025-09-30", "result_time": "17:56:03", "name": "Chocolate Corona Tradicional x18 Und x450grs", "total_unit_quantity": 450.0, "unit_type": "grs", "category": "Supermercado", "sub_category": "Despensa", "comercial_name": "Jumbo", "comercial_id": "900.155.107", "price": 16390.0, "unit_price": 36.422222222222224},
{"result_date": "2025-09-30", "result_time": "17:56:03", "name": "Aceite Gourmet Familia Multiusos x2600ml", "total_unit_quantity": 2600.0, "unit_type": "ml", "category": "Supermercado", "sub_category": "Despensa", "comercial_name": "Jumbo", "comercial_id": "900.155.107", "price": 57990.0, "unit_price": 22.303846153846155},
{"result_date": "2025-09-30", "result_time": "17:56:08", "name": "Leche Deslactosada Alqueria 1L x6unds", "total_unit_quantity": 1.0, "unit_type": "L", "category": "Supermercado", "sub_category": "Lácteos, Huevos Y Refrigerados", "comercial_name": "Jumbo", "comercial_id": "900.155.107", "price": 29990.0, "unit_price": 29990.0},
{"result_date": "2025-09-30", "result_time": "17:56:08", "name": "Leche Sabor Original Alqueria 1L x6unds", "total_unit_quantity": 1.0, "unit_type": "L", "category": "Supermercado", "sub_category": "Lácteos, Huevos Y Refrigerados", "comercial_name": "Jumbo", "comercial_id": "900.155.107", "price": 29990.0, "unit_price": 29990.0},
{"result_date": "2025-09-30", "result_time": "17:56:08", "name": "Leche Entera Colanta Bolsa x6 Und x1000ml", "total_unit_quantity": 1000.0, "unit_type": "ml", "category": "Supermercado", "sub_category": "Lácteos, Huevos Y Refrigerados", "comercial_name": "Jumbo", "comercial_id": "900.155.107", "price": 30350.0, "unit_price": 30.35},
{"result_date": "2025-09-30", "result_time": "17:56:08", "name": "Leche Deslactosada Colanta Bolsa x6 Und x1000ml", "total_unit_quantity": 1000.0, "unit_type": "ml", "category": "Supermercado", "sub_category": "Lácteos, Huevos Y Refrigerados", "comercial_name": "Jumbo", "comercial_id": "900.155.107", "price": 29300.0, "unit_price": 29.3},
{"result_date": "2025-09-30", "result_time": "17:56:08", "name": "Leche Entera Colanta Bolsa x6 Und x1100", "total_unit_quantity": 1, "unit_type": "un", "category": "Supermercado", "sub_category": "Lácteos, Huevos Y Refrigerados", "comercial_name": "Jumbo", "comercial_id": "900.155.107", "price": 33790.0, "unit_price": 33790.0},
{"result_date": "2025-09-30", "result_time": "17:56:08", "name": "Leche Deslactosada Alpina Bolsa x6 Und x1100ml", "total_unit_quantity": 1100.0, "unit_type": "ml", "category": "Supermercado", "sub_category": "Lácteos, Huevos Y Refrigerados", "comercial_name": "Jumbo", "comercial_id": "900.155.107", "price": 36990.0, "unit_price": 33.627272727272725},
{"result_date": "2025-09-30", "result_time": "17:56:08", "name": "Huevos AA rojos Santa Reyes x30und", "total_unit_quantity": 1, "unit_type": "un", "category": "Supermercado", "sub_category": "Lácteos, Huevos Y Refrigerados", "comercial_name": "Jumbo", "comercial_id": "900.155.107", "price": 25630.0, "unit_price": 25630.0},
{"result_date": "2025-09-30", "result_time": "17:56:08", "name": "Queso mozarella Alpina 25 tajadas x400g", "total_unit_quantity": 400.0, "unit_type": "g", "category": "Supermercado", "sub_category": "Lácteos, Huevos Y Refrigerados", "comercial_name": "Jumbo", "comercial_id": "900.155.107", "price": 22550.0, "unit_price": 56.375},
{"result_date": "2025-09-30", "result_time": "17:56:08", "name": "Yogurt griego Alpina natural x1000g", "total_unit_quantity": 1000.0, "unit_type": "g", "category": "Supermercado", "sub_category": "Lácteos, Huevos Y Refrigerados", "comercial_name": "Jumbo", "comercial_id": "900.155.107", "price": 35500.0, "unit_price": 35.5},
{"result_date": "2025-09-30", "result_time": "17:56:08", "name": "Queso parmesano Alpina bolsa x100g", "total_unit_quantity": 100.0, "unit_type": "g", "category": "Supermercado", "sub_category": "Lácteos, Huevos Y Refrigerados", "comercial_name": "Jumbo", "comercial_id": "900.155.107", "price": 11840.0, "unit_price": 118.4},
{"result_date": "2025-09-30", "result_time": "17:56:08", "name": "Huevos AAA rojos Santa Anita x30und", "total_unit_quantity": 1, "unit_type": "un", "category": "Supermercado", "sub_category": "Lácteos, Huevos Y Refrigerados", "comercial_name": "Jumbo", "comercial_id": "900.155.107", "price": 24890.0, "unit_price": 24890.0},
{"result_date": "2025-09-30", "result_time": "17:56:08", "name": "Queso Campesino Alpina 250g", "total_unit_quantity": 250.0, "unit_type": "g", "category": "Supermercado", "sub_category": "Lácteos, Huevos Y Refrigerados", "comercial_name": "Jumbo", "comercial_id": "900.155.107", "price": 12090.0, "unit_price": 48.36},
{"result_date": "2025-09-30", "result_time": "17:57:38", "name": "Salsa de Tomate Fruco Pague 800g Lleve 1000g", "total_unit_quantity": 1000.0, "unit_type": "g", "category": "Supermercado", "sub_category": "Despensa", "comercial_name": "Jumbo", "comercial_id": "900.155.107", "price": 19390.0, "unit_price": 19.39},
{"result_date": "2025-09-30", "result_time": "17:57:38", "name": "Salsa Fruco Mayo Parrilla x200G", "total_unit_quantity": 200.0, "unit_type": "G", "category": "Supermercado", "sub_category": "Despensa", "comercial_name": "Jumbo", "comercial_id": "900.155.107", "price": 8090.0, "unit_price": 40.45},
{"result_date": "2025-09-30", "result_time": "17:57:38", "name": "Aceite Cuisine&Co Mezcla Vegetal x3000Ml", "total_unit_quantity": 3000.0, "unit_type": "Ml", "category": "Supermercado", "sub_category": "Despensa", "comercial_name": "Jumbo", "comercial_id": "900.155.107", "price": 22890.0, "unit_price": 7.63},
{"result_date": "2025-09-30", "result_time": "17:57:38", "name": "Arroz Diana blanco x10kg", "total_unit_quantity": 10.0, "unit_type": "kg", "category": "Supermercado", "sub_category": "Despensa", "comercial_name": "Jumbo", "comercial_id": "900.155.107", "price": 44690.0, "unit_price": 4469.0},
{"result_date": "2025-09-30", "result_time": "17:57:38", "name": "Aceite Premier girasol x2700ml", "total_unit_quantity": 2700.0, "unit_type": "ml", "category": "Supermercado", "sub_category": "Despensa", "comercial_name": "Jumbo", "comercial_id": "900.155.107", "price": 56290.0, "unit_price": 20.848148148148148},
{"result_date": "2025-09-30", "result_time": "17:57:38", "name": "Arroz Diana blanco x5kg", "total_unit_quantity": 5.0, "unit_type": "kg", "category": "Supermercado", "sub_category": "Despensa", "comercial_name": "Jumbo", "comercial_id": "900.155.107", "price": 22190.0, "unit_price": 4438.0},
{"result_date": "2025-09-30", "result_time": "17:57:38", "name": "Chocolate Corona Tradicional x18 Und x450grs", "total_unit_quantity": 450.0, "unit_type": "grs", "category": "Supermercado", "sub_category": "Despensa", "comercial_name": "Jumbo", "comercial_id": "900.155.107", "price": 16390.0, "unit_price": 36.422222222222224},
{"result_date": "2025-09-30", "result_time": "17:57:38", "name": "Aceite Gourmet Familia Multiusos x2600ml", "total_unit_quantity": 2600.0, "unit_type": "ml", "category": "Supermercado", "sub_category": "Despensa", "comercial_name": "Jumbo", "comercial_id": "900.155.107", "price": 57990.0, "unit_price": 22.303846153846155},
{"result_date": "2025-09-30", "result_time": "17:57:58", "name": "Leche Deslactosada Alqueria 1L x6unds", "total_unit_quantity": 1.0, "unit_type": "L", "category": "Supermercado", "sub_category": "Lácteos, Huevos Y Refrigerados", "comercial_name": "Jumbo", "comercial_id": "900.155.107", "price": 29990.0, "unit_price": 29990.0},
{"result_date": "2025-09-30", "result_time": "17:57:58", "name": "Leche Sabor Original Alqueria 1L x6unds", "total_unit_quantity": 1.0, "unit_type": "L", "category": "Supermercado", "sub_category": "Lácteos, Huevos Y Refrigerados", "comercial_name": "Jumbo", "comercial_id": "900.155.107", "price": 29990.0, "unit_price": 29990.0},
{"result_date": "2025-09-30", "result_time": "17:57:58", "name": "Leche Entera Colanta Bolsa x6 Und x1000ml", "total_unit_quantity": 1000.0, "unit_type": "ml", "category": "Supermercado", "sub_category": "Lácteos, Huevos Y Refrigerados", "comercial_name": "Jumbo", "comercial_id": "900.155.107", "price": 30350.0, "unit_price": 30.35},
{"result_date": "2025-09-30", "result_time": "17:57:58", "name": "Leche Deslactosada Colanta Bolsa x6 Und x1000ml", "total_unit_quantity": 1000.0, "unit_type": "ml", "category": "Supermercado", "sub_category": "Lácteos, Huevos Y Refrigerados", "comercial_name": "Jumbo", "comercial_id": "900.155.107", "price": 29300.0, "unit_price": 29.3},
{"result_date": "2025-09-30", "result_time": "17:57:58", "name": "Leche Entera Colanta Bolsa x6 Und x1100", "total_unit_quantity": 1, "unit_type": "un", "category": "Supermercado", "sub_category": "Lácteos, Huevos Y Refrigerados", "comercial_name": "Jumbo", "comercial_id": "900.155.107", "price": 33790.0, "unit_price": 33790.0},
{"result_date": "2025-09-30", "result_time": "17:57:58", "name": "Leche Deslactosada Alpina Bolsa x6 Und x1100ml", "total_unit_quantity": 1100.0, "unit_type": "ml", "category": "Supermercado", "sub_category": "Lácteos, Huevos Y Refrigerados", "comercial_name": "Jumbo", "comercial_id": "900.155.107", "price": 36990.0, "unit_price": 33.627272727272725},
{"result_date": "2025-09-30", "result_time": "17:57:58", "name": "Huevos AA rojos Santa Reyes x30und", "total_unit_quantity": 1, "unit_type": "un", "category": "Supermercado", "sub_category": "Lácteos, Huevos Y Refrigerados", "comercial_name": "Jumbo", "comercial_id": "900.155.107", "price": 25630.0, "unit_price": 25630.0},
{"result_date": "2025-09-30", "result_time": "17:57:58", "name": "Queso mozarella Alpina 25 tajadas x400g", "total_unit_quantity": 400.0, "unit_type": "g", "category": "Supermercado", "sub_category": "Lácteos, Huevos Y Refrigerados", "comercial_name": "Jumbo", "comercial_id": "900.155.107", "price": 22550.0, "unit_price": 56.375},
{"result_date": "2025-09-30", "result_time": "17:57:58", "name": "Yogurt griego Alpina natural x1000g", "total_unit_quantity": 1000.0, "unit_type": "g", "category": "Supermercado", "sub_category": "Lácteos, Huevos Y Refrigerados", "comercial_name": "Jumbo", "comercial_id": "900.155.107", "price": 35500.0, "unit_price": 35.5},
{"result_date": "2025-09-30", "result_time": "17:57:58", "name": "Queso parmesano Alpina bolsa x100g", "total_unit_quantity": 100.0, "unit_type": "g", "category": "Supermercado", "sub_category": "Lácteos, Huevos Y Refrigerados", "comercial_name": "Jumbo", "comercial_id": "900.155.107", "price": 11840.0, "unit_price": 118.4},
{"result_date": "2025-09-30", "result_time": "17:57:58", "name": "Huevos AAA rojos Santa Anita x30und", "total_unit_quantity": 1, "unit_type": "un", "category": "Supermercado", "sub_category": "Lácteos, Huevos Y Refrigerados", "comercial_name": "Jumbo", "comercial_id": "900.155.107", "price": 24890.0, "unit_price": 24890.0},
{"result_date": "2025-09-30", "result_time": "17:57:58", "name": "Queso Campesino Alpina 250g", "total_unit_quantity": 250.0, "unit_type": "g", "category": "Supermercado", "sub_category": "Lácteos, Huevos Y Refrigerados", "comercial_name": "Jumbo", "comercial_id": "900.155.107", "price": 12090.0, "unit_price": 48.36},
{"result_date": "2025-09-30", "result_time": "17:59:08", "name": "Salsa de Tomate Fruco Pague 800g Lleve 1000g", "total_unit_quantity": 1000.0, "unit_type": "g", "category": "Supermercado", "sub_category": "Despensa", "comercial_name": "Jumbo", "comercial_id": "900.155.107", "price": 19390.0, "unit_price": 19.39},
{"result_date": "2025-09-30", "result_time": "17:59:08", "name": "Salsa Fruco Mayo Parrilla x200G", "total_unit_quantity": 200.0, "unit_type": "G", "category": "Supermercado", "sub_category": "Despensa", "comercial_name": "Jumbo", "comercial_id": "900.155.107", "price": 8090.0, "unit_price": 40.45},
{"result_date": "2025-09-30", "result_time": "17:59:08", "name": "Aceite Cuisine&Co Mezcla Vegetal x3000Ml", "total_unit_quantity": 3000.0, "unit_type": "Ml", "category": "Supermercado", "sub_category": "Despensa", "comercial_name": "Jumbo", "comercial_id": "900.155.107", "price": 22890.0, "unit_price": 7.63},
{"result_date": "2025-09-30", "result_time": "17:59:08", "name": "Arroz Diana blanco x10kg", "total_unit_quantity": 10.0, "unit_type": "kg", "category": "Supermercado", "sub_category": "Despensa", "comercial_name": "Jumbo", "comercial_id": "900.155.107", "price": 44690.0, "unit_price": 4469.0},
{"result_date": "2025-09-30", "result_time": "17:59:08", "name": "Aceite Premier girasol x2700ml", "total_unit_quantity": 2700.0, "unit_type": "ml", "category": "Supermercado", "sub_category": "Despensa", "comercial_name": "Jumbo", "comercial_id": "900.155.107", "price": 56290.0, "unit_price": 20.848148148148148},
{"result_date": "2025-09-30", "result_time": "17:59:08", "name": "Arroz Diana blanco x5kg", "total_unit_quantity": 5.0, "unit_type": "kg", "category": "Supermercado", "sub_category": "Despensa", "comercial_name": "Jumbo", "comercial_id": "900.155.107", "price": 22190.0, "unit_price": 4438.0},
{"result_date": "2025-09-30", "result_time": "17:59:08", "name": "Chocolate Corona Tradicional x18 Und x450grs", "total_unit_quantity": 450.0, "unit_type": "grs", "category": "Supermercado", "sub_category": "Despensa", "comercial_name": "Jumbo", "comercial_id": "900.155.107", "price": 16390.0, "unit_price": 36.422222222222224},
{"result_date": "2025-09-30", "result_time": "17:59:08", "name": "Aceite Gourmet Familia Multiusos x2600ml", "total_unit_quantity": 2600.0, "unit_type": "ml", "category": "Supermercado", "sub_category": "Despensa", "comercial_name": "Jumbo", "comercial_id": "900.155.107", "price": 57990.0, "unit_price": 22.303846153846155},
{"result_date": "2025-09-30", "result_time": "19:58:18", "name": "Leche Deslactosada Alqueria 1L x6unds", "total_unit_quantity": 1.0, "unit_type": "L", "category": "Supermercado", "sub_category": "Lácteos, Huevos Y Refrigerados", "comercial_name": "Jumbo", "comercial_id": "900.155.107", "price": 29990.0, "unit_price": 29990.0},
{"result_date": "2025-09-30", "result_time": "19:58:18", "name": "Leche Sabor Original Alqueria 1L x6unds", "total_unit_quantity": 1.0, "unit_type": "L", "category": "Supermercado", "sub_category": "Lácteos, Huevos Y Refrigerados", "comercial_name": "Jumbo", "comercial_id": "900.155.107", "price": 29990.0, "unit_price": 29990.0},
{"result_date": "2025-09-30", "result_time": "19:58:18", "name": "Leche Entera Colanta Bolsa x6 Und x1000ml", "total_unit_quantity": 1000.0, "unit_type": "ml", "category": "Supermercado", "sub_category": "Lácteos, Huevos Y Refrigerados", "comercial_name": "Jumbo", "comercial_id": "900.155.107", "price": 30350.0, "unit_price": 30.35},
{"result_date": "2025-09-30", "result_time": "19:58:18", "name": "Leche Deslactosada Colanta Bolsa x6 Und x1000ml", "total_unit_quantity": 1000.0, "unit_type": "ml", "category": "Supermercado", "sub_category": "Lácteos, Huevos Y Refrigerados", "comercial_name": "Jumbo", "comercial_id": "900.155.107", "price": 29300.0, "unit_price": 29.3},
{"result_date": "2025-09-30", "result_time": "19:58:18", "name": "Leche Entera Colanta Bolsa x6 Und x1100", "total_unit_quantity": 1, "unit_type": "un", "category": "Supermercado", "sub_category": "Lácteos, Huevos Y Refrigerados", "comercial_name": "Jumbo", "comercial_id": "900.155.107", "price": 33790.0, "unit_price": 33790.0},
{"result_date": "2025-09-30", "result_time": "19:58:18", "name": "Leche Deslactosada Alpina Bolsa x6 Und x1100ml", "total_unit_quantity": 1100.0, "unit_type": "ml", "category": "Supermercado", "sub_category": "Lácteos, Huevos Y Refrigerados", "comercial_name": "Jumbo", "comercial_id": "900.155.107", "price": 36990.0, "unit_price": 33.627272727272725},
{"result_date": "2025-09-30", "result_time": "19:58:18", "name": "Huevos AA rojos Santa Reyes x30und", "total_unit_quantity": 1, "unit_type": "un", "category": "Supermercado", "sub_category": "Lácteos, Huevos Y Refrigerados", "comercial_name": "Jumbo", "comercial_id": "900.155.107", "price": 25630.0, "unit_price": 25630.0},
{"result_date": "2025-09-30", "result_time": "19:58:18", "name": "Queso mozarella Alpina 25 tajadas x400g", "total_unit_quantity": 400.0, "unit_type": "g", "category": "Supermercado", "sub_category": "Lácteos, Huevos Y Refrigerados", "comercial_name": "Jumbo", "comercial_id": "900.155.107", "price": 22550.0, "unit_price": 56.375},
{"result_date": "2025-09-30", "result_time": "19:58:18", "name": "Yogurt griego Alpina natural x1000g", "total_unit_quantity": 1000.0, "unit_type": "g", "category": "Supermercado", "sub_category": "Lácteos, Huevos Y Refrigerados", "comercial_name": "Jumbo", "comercial_id": "900.155.107", "price": 35500.0, "unit_price": 35.5},
{"result_date": "2025-09-30", "result_time": "19:58:18", "name": "Queso parmesano Alpina bolsa x100g", "total_unit_quantity": 100.0, "unit_type": "g", "category": "Supermercado", "sub_category": "Lácteos, Huevos Y Refrigerados", "comercial_name": "Jumbo", "comercial_id": "900.155.107", "price": 11840.0, "unit_price": 118.4},
{"result_date": "2025-09-30", "result_time": "19:58:18", "name": "Huevos AAA rojos Santa Anita x30und", "total_unit_quantity": 1, "unit_type": "un", "category": "Supermercado", "sub_category": "Lácteos, Huevos Y Refrigerados", "comercial_name": "Jumbo", "comercial_id": "900.155.107", "price": 24890.0, "unit_price": 24890.0},
{"result_date": "2025-09-30", "result_time": "19:58:18", "name": "Queso Campesino Alpina 250g", "total_unit_quantity": 250.0, "unit_type": "g", "category": "Supermercado", "sub_category": "Lácteos, Huevos Y Refrigerados", "comercial_name": "Jumbo", "comercial_id": "900.155.107", "price": 12090.0, "unit_price": 48.36},
{"result_date": "2025-09-30", "result_time": "19:59:33", "name": "Salsa de Tomate Fruco Pague 800g Lleve 1000g", "total_unit_quantity": 1000.0, "unit_type": "g", "category": "Supermercado", "sub_category": "Despensa", "comercial_name": "Jumbo", "comercial_id": "900.155.107", "price": 19390.0, "unit_price": 19.39},
{"result_date": "2025-09-30", "result_time": "19:59:33", "name": "Salsa Fruco Mayo Parrilla x200G", "total_unit_quantity": 200.0, "unit_type": "G", "category": "Supermercado", "sub_category": "Despensa", "comercial_name": "Jumbo", "comercial_id": "900.155.107", "price": 8090.0, "unit_price": 40.45},
{"result_date": "2025-09-30", "result_time": "19:59:33", "name": "Aceite Cuisine&Co Mezcla Vegetal x3000Ml", "total_unit_quantity": 3000.0, "unit_type": "Ml", "category": "Supermercado", "sub_category": "Despensa", "comercial_name": "Jumbo", "comercial_id": "900.155.107", "price": 22890.0, "unit_price": 7.63},
{"result_date": "2025-09-30", "result_time": "19:59:33", "name": "Arroz Diana blanco x10kg", "total_unit_quantity": 10.0, "unit_type": "kg", "category": "Supermercado", "sub_category": "Despensa", "comercial_name": "Jumbo", "comercial_id": "900.155.107", "price": 44690.0, "unit_price": 4469.0},
{"result_date": "2025-09-30", "result_time": "19:59:33", "name": "Aceite Premier girasol x2700ml", "total_unit_quantity": 2700.0, "unit_type": "ml", "category": "Supermercado", "sub_category": "Despensa", "comercial_name": "Jumbo", "comercial_id": "900.155.107", "price": 56290.0, "unit_price": 20.848148148148148},
{"result_date": "2025-09-30", "result_time": "19:59:33", "name": "Arroz Diana blanco x5kg", "total_unit_quantity": 5.0, "unit_type": "kg", "category": "Supermercado", "sub_category": "Despensa", "comercial_name": "Jumbo", "comercial_id": "900.155.107", "price": 22190.0, "unit_price": 4438.0},
{"result_date": "2025-09-30", "result_time": "19:59:33", "name": "Chocolate Corona Tradicional x18 Und x450grs", "total_unit_quantity": 450.0, "unit_type": "grs", "category": "Supermercado", "sub_category": "Despensa", "comercial_name": "Jumbo", "comercial_id": "900.155.107", "price": 16390.0, "unit_price": 36.422222222222224},
{"result_date": "2025-09-30", "result_time": "19:59:33", "name": "Aceite Gourmet Familia Multiusos x2600ml", "total_unit_quantity": 2600.0, "unit_type": "ml", "category": "Supermercado", "sub_category": "Despensa", "comercial_name": "Jumbo", "comercial_id": "900.155.107", "price": 57990.0, "unit_price": 22.303846153846155},
{"result_date": "2025-09-30", "result_time": "19:59:58", "name": "Leche Deslactosada Alqueria 1L x6unds", "total_unit_quantity": 1.0, "unit_type": "L", "category": "Supermercado", "sub_category": "Lácteos, Huevos Y Refrigerados", "comercial_name": "Jumbo", "comercial_id": "900.155.107", "price": 29990.0, "unit_price": 29990.0},
{"result_date": "2025-09-30", "result_time": "19:59:58", "name": "Leche Sabor Original Alqueria 1L x6unds", "total_unit_quantity": 1.0, "unit_type": "L", "category": "Supermercado", "sub_category": "Lácteos, Huevos Y Refrigerados", "comercial_name": "Jumbo", "comercial_id": "900.155.107", "price": 29990.0, "unit_price": 29990.0},
{"result_date": "2025-09-30", "result_time": "19:59:58", "name": "Leche Entera Colanta Bolsa x6 Und x1000ml", "total_unit_quantity": 1000.0, "unit_type": "ml", "category": "Supermercado", "sub_category": "Lácteos, Huevos Y Refrigerados", "comercial_name": "Jumbo", "comercial_id": "900.155.107", "price": 30350.0, "unit_price": 30.35},
{"result_date": "2025-09-30", "result_time": "19:59:58", "name": "Leche Deslactosada Colanta Bolsa x6 Und x1000ml", "total_unit_quantity": 1000.0, "unit_type": "ml", "category": "Supermercado", "sub_category": "Lácteos, Huevos Y Refrigerados", "comercial_name": "Jumbo", "comercial_id": "900.155.107", "price": 29300.0, "unit_price": 29.3},
{"result_date": "2025-09-30", "result_time": "19:59:58", "name": "Leche Entera Colanta Bolsa x6 Und x1100", "total_unit_quantity": 1, "unit_type": "un", "category": "Supermercado", "sub_category": "Lácteos, Huevos Y Refrigerados", "comercial_name": "Jumbo", "comercial_id": "900.155.107", "price": 33790.0, "unit_price": 33790.0},
{"result_date": "2025-09-30", "result_time": "19:59:58", "name": "Leche Deslactosada Alpina Bolsa x6 Und x1100ml", "total_unit_quantity": 1100.0, "unit_type": "ml", "category": "Supermercado", "sub_category": "Lácteos, Huevos Y Refrigerados", "comercial_name": "Jumbo", "comercial_id": "900.155.107", "price": 36990.0, "unit_price": 33.627272727272725},
{"result_date": "2025-09-30", "result_time": "19:59:58", "name": "Huevos AA rojos Santa Reyes x30und", "total_unit_quantity": 1, "unit_type": "un", "category": "Supermercado", "sub_category": "Lácteos, Huevos Y Refrigerados", "comercial_name": "Jumbo", "comercial_id": "900.155.107", "price": 25630.0, "unit_price": 25630.0},
{"result_date": "2025-09-30", "result_time": "19:59:58", "name": "Queso mozarella Alpina 25 tajadas x400g", "total_unit_quantity": 400.0, "unit_type": "g", "category": "Supermercado", "sub_category": "Lácteos, Huevos Y Refrigerados", "comercial_name": "Jumbo", "comercial_id": "900.155.107", "price": 22550.0, "unit_price": 56.375},
{"result_date": "2025-09-30", "result_time": "19:59:58", "name": "Yogurt griego Alpina natural x1000g", "total_unit_quantity": 1000.0, "unit_type": "g", "category": "Supermercado", "sub_category": "Lácteos, Huevos Y Refrigerados", "comercial_name": "Jumbo", "comercial_id": "900.155.107", "price": 35500.0, "unit_price": 35.5},
{"result_date": "2025-09-30", "result_time": "19:59:58", "name": "Queso parmesano Alpina bolsa x100g", "total_unit_quantity": 100.0, "unit_type": "g", "category": "Supermercado", "sub_category": "Lácteos, Huevos Y Refrigerados", "comercial_name": "Jumbo", "comercial_id": "900.155.107", "price": 11840.0, "unit_price": 118.4},
{"result_date": "2025-09-30", "result_time": "19:59:58", "name": "Huevos AAA rojos Santa Anita x30und", "total_unit_quantity": 1, "unit_type": "un", "category": "Supermercado", "sub_category": "Lácteos, Huevos Y Refrigerados", "comercial_name": "Jumbo", "comercial_id": "900.155.107", "price": 24890.0, "unit_price": 24890.0},
{"result_date": "2025-09-30", "result_time": "19:59:58", "name": "Queso Campesino Alpina 250g", "total_unit_quantity": 250.0, "unit_type": "g", "category": "Supermercado", "sub_category": "Lácteos, Huevos Y Refrigerados", "comercial_name": "Jumbo", "comercial_id": "900.155.107", "price": 12090.0, "unit_price": 48.36},
{"result_date": "2025-09-30", "result_time": "20:01:13", "name": "Salsa de Tomate Fruco Pague 800g Lleve 1000g", "total_unit_quantity": 1000.0, "unit_type": "g", "category": "Supermercado", "sub_category": "Despensa", "comercial_name": "Jumbo", "comercial_id": "900.155.107", "price": 19390.0, "unit_price": 19.39},
{"result_date": "2025-09-30", "result_time": "20:01:13", "name": "Salsa Fruco Mayo Parrilla x200G", "total_unit_quantity": 200.0, "unit_type": "G", "category": "Supermercado", "sub_category": "Despensa", "comercial_name": "Jumbo", "comercial_id": "900.155.107", "price": 8090.0, "unit_price": 40.45},
{"result_date": "2025-09-30", "result_time": "20:01:13", "name": "Aceite Cuisine&Co Mezcla Vegetal x3000Ml", "total_unit_quantity": 3000.0, "unit_type": "Ml", "category": "Supermercado", "sub_category": "Despensa", "comercial_name": "Jumbo", "comercial_id": "900.155.107", "price": 22890.0, "unit_price": 7.63},
{"result_date": "2025-09-30", "result_time": "20:01:13", "name": "Arroz Diana blanco x10kg", "total_unit_quantity": 10.0, "unit_type": "kg", "category": "Supermercado", "sub_category": "Despensa", "comercial_name": "Jumbo", "comercial_id": "900.155.107", "price": 44690.0, "unit_price": 4469.0},
{"result_date": "2025-09-30", "result_time": "20:01:13", "name": "Aceite Premier girasol x2700ml", "total_unit_quantity": 2700.0, "unit_type": "ml", "category": "Supermercado", "sub_category": "Despensa", "comercial_name": "Jumbo", "comercial_id": "900.155.107", "price": 56290.0, "unit_price": 20.848148148148148},
{"result_date": "2025-09-30", "result_time": "20:01:13", "name": "Arroz Diana blanco x5kg", "total_unit_quantity": 5.0, "unit_type": "kg", "category": "Supermercado", "sub_category": "Despensa", "comercial_name": "Jumbo", "comercial_id": "900.155.107", "price": 22190.0, "unit_price": 4438.0},
{"result_date": "2025-09-30", "result_time": "20:01:13", "name": "Chocolate Corona Tradicional x18 Und x450grs", "total_unit_quantity": 450.0, "unit_type": "grs", "category": "Supermercado", "sub_category": "Despensa", "comercial_name": "Jumbo", "comercial_id": "900.155.107", "price": 16390.0, "unit_price": 36.422222222222224},
{"result_date": "2025-09-30", "result_time": "20:01:13", "name": "Aceite Gourmet Familia Multiusos x2600ml", "total_unit_quantity": 2600.0, "unit_type": "ml", "category": "Supermercado", "sub_category": "Despensa", "comercial_name": "Jumbo", "comercial_id": "900.155.107", "price": 57990.0, "unit_price": 22.303846153846155},
{"result_date": "2025-09-30", "result_time": "20:01:58", "name": "Leche Deslactosada Alqueria 1L x6unds", "total_unit_quantity": 1.0, "unit_type": "L", "category": "Supermercado", "sub_category": "Lácteos, Huevos Y Refrigerados", "comercial_name": "Jumbo", "comercial_id": "900.155.107", "price": 29990.0, "unit_price": 29990.0},
{"result_date": "2025-09-30", "result_time": "20:01:58", "name": "Leche Sabor Original Alqueria 1L x6unds", "total_unit_quantity": 1.0, "unit_type": "L", "category": "Supermercado", "sub_category": "Lácteos, Huevos Y Refrigerados", "comercial_name": "Jumbo", "comercial_id": "900.155.107", "price": 29990.0, "unit_price": 29990.0},
{"result_date": "2025-09-30", "result_time": "20:01:58", "name": "Leche Entera Colanta Bolsa x6 Und x1000ml", "total_unit_quantity": 1000.0, "unit_type": "ml", "category": "Supermercado", "sub_category": "Lácteos, Huevos Y Refrigerados", "comercial_name": "Jumbo", "comercial_id": "900.155.107", "price": 30350.0, "unit_price": 30.35},
{"result_date": "2025-09-30", "result_time": "20:01:58", "name": "Leche Deslactosada Colanta Bolsa x6 Und x1000ml", "total_unit_quantity": 1000.0, "unit_type": "ml", "category": "Supermercado", "sub_category": "Lácteos, Huevos Y Refrigerados", "comercial_name": "Jumbo", "comercial_id": "900.155.107", "price": 29300.0, "unit_price": 29.3},
{"result_date": "2025-09-30", "result_time": "20:01:58", "name": "Leche Entera Colanta Bolsa x6 Und x1100", "total_unit_quantity": 1, "unit_type": "un", "category": "Supermercado", "sub_category": "Lácteos, Huevos Y Refrigerados", "comercial_name": "Jumbo", "comercial_id": "900.155.107", "price": 33790.0, "unit_price": 33790.0},
{"result_date": "2025-09-30", "result_time": "20:01:58", "name": "Leche Deslactosada Alpina Bolsa x6 Und x1100ml", "total_unit_quantity": 1100.0, "unit_type": "ml", "category": "Supermercado", "sub_category": "Lácteos, Huevos Y Refrigerados", "comercial_name": "Jumbo", "comercial_id": "900.155.107", "price": 36990.0, "unit_price": 33.627272727272725},
{"result_date": "2025-09-30", "result_time": "20:01:58", "name": "Huevos AA rojos Santa Reyes x30und", "total_unit_quantity": 1, "unit_type": "un", "category": "Supermercado", "sub_category": "Lácteos, Huevos Y Refrigerados", "comercial_name": "Jumbo", "comercial_id": "900.155.107", "price": 25630.0, "unit_price": 25630.0},
{"result_date": "2025-09-30", "result_time": "20:01:58", "name": "Queso mozarella Alpina 25 tajadas x400g", "total_unit_quantity": 400.0, "unit_type": "g", "category": "Supermercado", "sub_category": "Lácteos, Huevos Y Refrigerados", "comercial_name": "Jumbo", "comercial_id": "900.155.107", "price": 22550.0, "unit_price": 56.375},
{"result_date": "2025-09-30", "result_time": "20:01:58", "name": "Yogurt griego Alpina natural x1000g", "total_unit_quantity": 1000.0, "unit_type": "g", "category": "Supermercado", "sub_category": "Lácteos, Huevos Y Refrigerados", "comercial_name": "Jumbo", "comercial_id": "900.155.107", "price": 35500.0, "unit_price": 35.5},
{"result_date": "2025-09-30", "result_time": "20:01:58", "name": "Queso parmesano Alpina bolsa x100g", "total_unit_quantity": 100.0, "unit_type": "g", "category": "Supermercado", "sub_category": "Lácteos, Huevos Y Refrigerados", "comercial_name": "Jumbo", "comercial_id": "900.155.107", "price": 11840.0, "unit_price": 118.4},
{"result_date": "2025-09-30", "result_time": "20:01:58", "name": "Huevos AAA rojos Santa Anita x30und", "total_unit_quantity": 1, "unit_type": "un", "category": "Supermercado", "sub_category": "Lácteos, Huevos Y Refrigerados", "comercial_name": "Jumbo", "comercial_id": "900.155.107", "price": 24890.0, "unit_price": 24890.0},
{"result_date": "2025-09-30", "result_time": "20:01:58", "name": "Queso Campesino Alpina 250g", "total_unit_quantity": 250.0, "unit_type": "g", "category": "Supermercado", "sub_category": "Lácteos, Huevos Y Refrigerados", "comercial_name": "Jumbo", "comercial_id": "900.155.107", "price": 12090.0, "unit_price": 48.36},
{"result_date": "2025-09-30", "result_time": "20:02:48", "name": "Salsa de Tomate Fruco Pague 800g Lleve 1000g", "total_unit_quantity": 1000.0, "unit_type": "g", "category": "Supermercado", "sub_category": "Despensa", "comercial_name": "Jumbo", "comercial_id": "900.155.107", "price": 19390.0, "unit_price": 19.39},
{"result_date": "2025-09-30", "result_time": "20:02:48", "name": "Salsa Fruco Mayo Parrilla x200G", "total_unit_quantity": 200.0, "unit_type": "G", "category": "Supermercado", "sub_category": "Despensa", "comercial_name": "Jumbo", "comercial_id": "900.155.107", "price": 8090.0, "unit_price": 40.45},
{"result_date": "2025-09-30", "result_time": "20:02:48", "name": "Aceite Cuisine&Co Mezcla Vegetal x3000Ml", "total_unit_quantity": 3000.0, "unit_type": "Ml", "category": "Supermercado", "sub_category": "Despensa", "comercial_name": "Jumbo", "comercial_id": "900.155.107", "price": 22890.0, "unit_price": 7.63},
{"result_date": "2025-09-30", "result_time": "20:02:48", "name": "Arroz Diana blanco x10kg", "total_unit_quantity": 10.0, "unit_type": "kg", "category": "Supermercado", "sub_category": "Despensa", "comercial_name": "Jumbo", "comercial_id": "900.155.107", "price": 44690.0, "unit_price": 4469.0},
{"result_date": "2025-09-30", "result_time": "20:02:48", "name": "Aceite Premier girasol x2700ml", "total_unit_quantity": 2700.0, "unit_type": "ml", "category": "Supermercado", "sub_category": "Despensa", "comercial_name": "Jumbo", "comercial_id": "900.155.107", "price": 56290.0, "unit_price": 20.848148148148148},
{"result_date": "2025-09-30", "result_time": "20:02:48", "name": "Arroz Diana blanco x5kg", "total_unit_quantity": 5.0, "unit_type": "kg", "category": "Supermercado", "sub_category": "Despensa", "comercial_name": "Jumbo", "comercial_id": "900.155.107", "price": 22190.0, "unit_price": 4438.0},
{"result_date": "2025-09-30", "result_time": "20:02:48", "name": "Chocolate Corona Tradicional x18 Und x450grs", "total_unit_quantity": 450.0, "unit_type": "grs", "category": "Supermercado", "sub_category": "Despensa", "comercial_name": "Jumbo", "comercial_id": "900.155.107", "price": 16390.0, "unit_price": 36.422222222222224},
{"result_date": "2025-09-30", "result_time": "20:02:48", "name": "Aceite Gourmet Familia Multiusos x2600ml", "total_unit_quantity": 2600.0, "unit_type": "ml", "category": "Supermercado", "sub_category": "Despensa", "comercial_name": "Jumbo", "comercial_id": "900.155.107", "price": 57990.0, "unit_price": 22.303846153846155},
{"result_date": "2025-09-30", "result_time": "20:03:43", "name": "Leche Deslactosada Alqueria 1L x6unds", "total_unit_quantity": 1.0, "unit_type": "L", "category": "Supermercado", "sub_category": "Lácteos, Huevos Y Refrigerados", "comercial_name": "Jumbo", "comercial_id": "900.155.107", "price": 29990.0, "unit_price": 29990.0},
{"result_date": "2025-09-30", "result_time": "20:03:43", "name": "Leche Sabor Original Alqueria 1L x6unds", "total_unit_quantity": 1.0, "unit_type": "L", "category": "Supermercado", "sub_category": "Lácteos, Huevos Y Refrigerados", "comercial_name": "Jumbo", "comercial_id": "900.155.107", "price": 29990.0, "unit_price": 29990.0},
{"result_date": "2025-09-30", "result_time": "20:03:43", "name": "Leche Entera Colanta Bolsa x6 Und x1000ml", "total_unit_quantity": 1000.0, "unit_type": "ml", "category": "Supermercado", "sub_category": "Lácteos, Huevos Y Refrigerados", "comercial_name": "Jumbo", "comercial_id": "900.155.107", "price": 30350.0, "unit_price": 30.35},
{"result_date": "2025-09-30", "result_time": "20:03:43", "name": "Leche Deslactosada Colanta Bolsa x6 Und x1000ml", "total_unit_quantity": 1000.0, "unit_type": "ml", "category": "Supermercado", "sub_category": "Lácteos, Huevos Y Refrigerados", "comercial_name": "Jumbo", "comercial_id": "900.155.107", "price": 29300.0, "unit_price": 29.3},
{"result_date": "2025-09-30", "result_time": "20:03:43", "name": "Leche Entera Colanta Bolsa x6 Und x1100", "total_unit_quantity": 1, "unit_type": "un", "category": "Supermercado", "sub_category": "Lácteos, Huevos Y Refrigerados", "comercial_name": "Jumbo", "comercial_id": "900.155.107", "price": 33790.0, "unit_price": 33790.0},
{"result_date": "2025-09-30", "result_time": "20:03:43", "name": "Leche Deslactosada Alpina Bolsa x6 Und x1100ml", "total_unit_quantity": 1100.0, "unit_type": "ml", "category": "Supermercado", "sub_category": "Lácteos, Huevos Y Refrigerados", "comercial_name": "Jumbo", "comercial_id": "900.155.107", "price": 36990.0, "unit_price": 33.627272727272725},
{"result_date": "2025-09-30", "result_time": "20:03:43", "name": "Huevos AA rojos Santa Reyes x30und", "total_unit_quantity": 1, "unit_type": "un", "category": "Supermercado", "sub_category": "Lácteos, Huevos Y Refrigerados", "comercial_name": "Jumbo", "comercial_id": "900.155.107", "price": 25630.0, "unit_price": 25630.0},
{"result_date": "2025-09-30", "result_time": "20:03:43", "name": "Queso mozarella Alpina 25 tajadas x400g", "total_unit_quantity": 400.0, "unit_type": "g", "category": "Supermercado", "sub_category": "Lácteos, Huevos Y Refrigerados", "comercial_name": "Jumbo", "comercial_id": "900.155.107", "price": 22550.0, "unit_price": 56.375},
{"result_date": "2025-09-30", "result_time": "20:03:43", "name": "Yogurt griego Alpina natural x1000g", "total_unit_quantity": 1000.0, "unit_type": "g", "category": "Supermercado", "sub_category": "Lácteos, Huevos Y Refrigerados", "comercial_name": "Jumbo", "comercial_id": "900.155.107", "price": 35500.0, "unit_price": 35.5},
{"result_date": "2025-09-30", "result_time": "20:03:43", "name": "Queso parmesano Alpina bolsa x100g", "total_unit_quantity": 100.0, "unit_type": "g", "category": "Supermercado", "sub_category": "Lácteos, Huevos Y Refrigerados", "comercial_name": "Jumbo", "comercial_id": "900.155.107", "price": 11840.0, "unit_price": 118.4},
{"result_date": "2025-09-30", "result_time": "20:03:43", "name": "Huevos AAA rojos Santa Anita x30und", "total_unit_quantity": 1, "unit_type": "un", "category": "Supermercado", "sub_category": "Lácteos, Huevos Y Refrigerados", "comercial_name": "Jumbo", "comercial_id": "900.155.107", "price": 24890.0, "unit_price": 24890.0},
{"result_date": "2025-09-30", "result_time": "20:03:43", "name": "Queso Campesino Alpina 250g", "total_unit_quantity": 250.0, "unit_type": "g", "category": "Supermercado", "sub_category": "Lácteos, Huevos Y Refrigerados", "comercial_name": "Jumbo", "comercial_id": "900.155.107", "price": 12090.0, "unit_price": 48.36},
{"result_date": "2025-09-30", "result_time": "20:04:38", "name": "Salsa de Tomate Fruco Pague 800g Lleve 1000g", "total_unit_quantity": 1000.0, "unit_type": "g", "category": "Supermercado", "sub_category": "Despensa", "comercial_name": "Jumbo", "comercial_id": "900.155.107", "price": 19390.0, "unit_price": 19.39},
{"result_date": "2025-09-30", "result_time": "20:04:38", "name": "Salsa Fruco Mayo Parrilla x200G", "total_unit_quantity": 200.0, "unit_type": "G", "category": "Supermercado", "sub_category": "Despensa", "comercial_name": "Jumbo", "comercial_id": "900.155.107", "price": 8090.0, "unit_price": 40.45},
{"result_date": "2025-09-30", "result_time": "20:04:38", "name": "Aceite Cuisine&Co Mezcla Vegetal x3000Ml", "total_unit_quantity": 3000.0, "unit_type": "Ml", "category": "Supermercado", "sub_category": "Despensa", "comercial_name": "Jumbo", "comercial_id": "900.155.107", "price": 22890.0, "unit_price": 7.63},
{"result_date": "2025-09-30", "result_time": "20:04:38", "name": "Arroz Diana blanco x10kg", "total_unit_quantity": 10.0, "unit_type": "kg", "category": "Supermercado", "sub_category": "Despensa", "comercial_name": "Jumbo", "comercial_id": "900.155.107", "price": 44690.0, "unit_price": 4469.0},
{"result_date": "2025-09-30", "result_time": "20:04:38", "name": "Aceite Premier girasol x2700ml", "total_unit_quantity": 2700.0, "unit_type": "ml", "category": "Supermercado", "sub_category": "Despensa", "comercial_name": "Jumbo", "comercial_id": "900.155.107", "price": 56290.0, "unit_price": 20.848148148148148},
{"result_date": "2025-09-30", "result_time": "20:04:38", "name": "Arroz Diana blanco x5kg", "total_unit_quantity": 5.0, "unit_type": "kg", "category": "Supermercado", "sub_category": "Despensa", "comercial_name": "Jumbo", "comercial_id": "900.155.107", "price": 22190.0, "unit_price": 4438.0},
{"result_date": "2025-09-30", "result_time": "20:04:38", "name": "Chocolate Corona Tradicional x18 Und x450grs", "total_unit_quantity": 450.0, "unit_type": "grs", "category": "Supermercado", "sub_category": "Despensa", "comercial_name": "Jumbo", "comercial_id": "900.155.107", "price": 16390.0, "unit_price": 36.422222222222224},
{"result_date": "2025-09-30", "result_time": "20:04:38", "name": "Aceite Gourmet Familia Multiusos x2600ml", "total_unit_quantity": 2600.0, "unit_type": "ml", "category": "Supermercado", "sub_category": "Despensa", "comercial_name": "Jumbo", "comercial_id": "900.155.107", "price": 57990.0, "unit_price": 22.303846153846155},
{"result_date": "2025-09-30", "result_time": "20:05:28", "name": "Leche Deslactosada Alqueria 1L x6unds", "total_unit_quantity": 1.0, "unit_type": "L", "category": "Supermercado", "sub_category": "Lácteos, Huevos Y Refrigerados", "comercial_name": "Jumbo", "comercial_id": "900.155.107", "price": 29990.0, "unit_price": 29990.0},
{"result_date": "2025-09-30", "result_time": "20:05:28", "name": "Leche Sabor Original Alqueria 1L x6unds", "total_unit_quantity": 1.0, "unit_type": "L", "category": "Supermercado", "sub_category": "Lácteos, Huevos Y Refrigerados", "comercial_name": "Jumbo", "comercial_id": "900.155.107", "price": 29990.0, "unit_price": 29990.0},
{"result_date": "2025-09-30", "result_time": "20:05:28", "name": "Leche Entera Colanta Bolsa x6 Und x1000ml", "total_unit_quantity": 1000.0, "unit_type": "ml", "category": "Supermercado", "sub_category": "Lácteos, Huevos Y Refrigerados", "comercial_name": "Jumbo", "comercial_id": "900.155.107", "price": 30350.0, "unit_price": 30.35},
{"result_date": "2025-09-30", "result_time": "20:05:28", "name": "Leche Deslactosada Colanta Bolsa x6 Und x1000ml", "total_unit_quantity": 1000.0, "unit_type": "ml", "category": "Supermercado", "sub_category": "Lácteos, Huevos Y Refrigerados", "comercial_name": "Jumbo", "comercial_id": "900.155.107", "price": 29300.0, "unit_price": 29.3},
{"result_date": "2025-09-30", "result_time": "20:05:28", "name": "Leche Entera Colanta Bolsa x6 Und x1100", "total_unit_quantity": 1, "unit_type": "un", "category": "Supermercado", "sub_category": "Lácteos, Huevos Y Refrigerados", "comercial_name": "Jumbo", "comercial_id": "900.155.107", "price": 33790.0, "unit_price": 33790.0},
{"result_date": "2025-09-30", "result_time": "20:05:28", "name": "Leche Deslactosada Alpina Bolsa x6 Und x1100ml", "total_unit_quantity": 1100.0, "unit_type": "ml", "category": "Supermercado", "sub_category": "Lácteos, Huevos Y Refrigerados", "comercial_name": "Jumbo", "comercial_id": "900.155.107", "price": 36990.0, "unit_price": 33.627272727272725},
{"result_date": "2025-09-30", "result_time": "20:05:28", "name": "Huevos AA rojos Santa Reyes x30und", "total_unit_quantity": 1, "unit_type": "un", "category": "Supermercado", "sub_category": "Lácteos, Huevos Y Refrigerados", "comercial_name": "Jumbo", "comercial_id": "900.155.107", "price": 25630.0, "unit_price": 25630.0},
{"result_date": "2025-09-30", "result_time": "20:05:28", "name": "Queso mozarella Alpina 25 tajadas x400g", "total_unit_quantity": 400.0, "unit_type": "g", "category": "Supermercado", "sub_category": "Lácteos, Huevos Y Refrigerados", "comercial_name": "Jumbo", "comercial_id": "900.155.107", "price": 22550.0, "unit_price": 56.375},
{"result_date": "2025-09-30", "result_time": "20:05:28", "name": "Yogurt griego Alpina natural x1000g", "total_unit_quantity": 1000.0, "unit_type": "g", "category": "Supermercado", "sub_category": "Lácteos, Huevos Y Refrigerados", "comercial_name": "Jumbo", "comercial_id": "900.155.107", "price": 35500.0, "unit_price": 35.5},
{"result_date": "2025-09-30", "result_time": "20:05:28", "name": "Queso parmesano Alpina bolsa x100g", "total_unit_quantity": 100.0, "unit_type": "g", "category": "Supermercado", "sub_category": "Lácteos, Huevos Y Refrigerados", "comercial_name": "Jumbo", "comercial_id": "900.155.107", "price": 11840.0, "unit_price": 118.4},
{"result_date": "2025-09-30", "result_time": "20:05:28", "name": "Huevos AAA rojos Santa Anita x30und", "total_unit_quantity": 1, "unit_type": "un", "category": "Supermercado", "sub_category": "Lácteos, Huevos Y Refrigerados", "comercial_name": "Jumbo", "comercial_id": "900.155.107", "price": 24890.0, "unit_price": 24890.0},
{"result_date": "2025-09-30", "result_time": "20:05:28", "name": "Queso Campesino Alpina 250g", "total_unit_quantity": 250.0, "unit_type": "g", "category": "Supermercado", "sub_category": "Lácteos, Huevos Y Refrigerados", "comercial_name": "Jumbo", "comercial_id": "900.155.107", "price": 12090.0, "unit_price": 48.36},
{"result_date": "2025-09-30", "result_time": "20:06:13", "name": "Salsa de Tomate Fruco Pague 800g Lleve 1000g", "total_unit_quantity": 1000.0, "unit_type": "g", "category": "Supermercado", "sub_category": "Despensa", "comercial_name": "Jumbo", "comercial_id": "900.155.107", "price": 19390.0, "unit_price": 19.39},
{"result_date": "2025-09-30", "result_time": "20:06:13", "name": "Salsa Fruco Mayo Parrilla x200G", "total_unit_quantity": 200.0, "unit_type": "G", "category": "Supermercado", "sub_category": "Despensa", "comercial_name": "Jumbo", "comercial_id": "900.155.107", "price": 8090.0, "unit_price": 40.45},
{"result_date": "2025-09-30", "result_time": "20:06:13", "name": "Aceite Cuisine&Co Mezcla Vegetal x3000Ml", "total_unit_quantity": 3000.0, "unit_type": "Ml", "category": "Supermercado", "sub_category": "Despensa", "comercial_name": "Jumbo", "comercial_id": "900.155.107", "price": 22890.0, "unit_price": 7.63},
{"result_date": "2025-09-30", "result_time": "20:06:13", "name": "Arroz Diana blanco x10kg", "total_unit_quantity": 10.0, "unit_type": "kg", "category": "Supermercado", "sub_category": "Despensa", "comercial_name": "Jumbo", "comercial_id": "900.155.107", "price": 44690.0, "unit_price": 4469.0},
{"result_date": "2025-09-30", "result_time": "20:06:13", "name": "Aceite Premier girasol x2700ml", "total_unit_quantity": 2700.0, "unit_type": "ml", "category": "Supermercado", "sub_category": "Despensa", "comercial_name": "Jumbo", "comercial_id": "900.155.107", "price": 56290.0, "unit_price": 20.848148148148148},
{"result_date": "2025-09-30", "result_time": "20:06:13", "name": "Arroz Diana blanco x5kg", "total_unit_quantity": 5.0, "unit_type": "kg", "category": "Supermercado", "sub_category": "Despensa", "comercial_name": "Jumbo", "comercial_id": "900.155.107", "price": 22190.0, "unit_price": 4438.0},
{"result_date": "2025-09-30", "result_time": "20:06:13", "name": "Chocolate Corona Tradicional x18 Und x450grs", "total_unit_quantity": 450.0, "unit_type": "grs", "category": "Supermercado", "sub_category": "Despensa", "comercial_name": "Jumbo", "comercial_id": "900.155.107", "price": 16390.0, "unit_price": 36.422222222222224},
{"result_date": "2025-09-30", "result_time": "20:06:13", "name": "Aceite Gourmet Familia Multiusos x2600ml", "total_unit_quantity": 2600.0, "unit_type": "ml", "category": "Supermercado", "sub_category": "Despensa", "comercial_name": "Jumbo", "comercial_id": "900.155.107", "price": 57990.0, "unit_price": 22.303846153846155},
{"result_date": "2025-09-30", "result_time": "20:07:08", "name": "Leche Deslactosada Alqueria 1L x6unds", "total_unit_quantity": 1.0, "unit_type": "L", "category": "Supermercado", "sub_category": "Lácteos, Huevos Y Refrigerados", "comercial_name": "Jumbo", "comercial_id": "900.155.107", "price": 29990.0, "unit_price": 29990.0},
{"result_date": "2025-09-30", "result_time": "20:07:08", "name": "Leche Sabor Original Alqueria 1L x6unds", "total_unit_quantity": 1.0, "unit_type": "L", "category": "Supermercado", "sub_category": "Lácteos, Huevos Y Refrigerados", "comercial_name": "Jumbo", "comercial_id": "900.155.107", "price": 29990.0, "unit_price": 29990.0},
{"result_date": "2025-09-30", "result_time": "20:07:08", "name": "Leche Entera Colanta Bolsa x6 Und x1000ml", "total_unit_quantity": 1000.0, "unit_type": "ml", "category": "Supermercado", "sub_category": "Lácteos, Huevos Y Refrigerados", "comercial_name": "Jumbo", "comercial_id": "900.155.107", "price": 30350.0, "unit_price": 30.35},
{"result_date": "2025-09-30", "result_time": "20:07:08", "name": "Leche Deslactosada Colanta Bolsa x6 Und x1000ml", "total_unit_quantity": 1000.0, "unit_type": "ml", "category": "Supermercado", "sub_category": "Lácteos, Huevos Y Refrigerados", "comercial_name": "Jumbo", "comercial_id": "900.155.107", "price": 29300.0, "unit_price": 29.3},
{"result_date": "2025-09-30", "result_time": "20:07:08", "name": "Leche Entera Colanta Bolsa x6 Und x1100", "total_unit_quantity": 1, "unit_type": "un", "category": "Supermercado", "sub_category": "Lácteos, Huevos Y Refrigerados", "comercial_name": "Jumbo", "comercial_id": "900.155.107", "price": 33790.0, "unit_price": 33790.0},
{"result_date": "2025-09-30", "result_time": "20:07:08", "name": "Leche Deslactosada Alpina Bolsa x6 Und x1100ml", "total_unit_quantity": 1100.0, "unit_type": "ml", "category": "Supermercado", "sub_category": "Lácteos, Huevos Y Refrigerados", "comercial_name": "Jumbo", "comercial_id": "900.155.107", "price": 36990.0, "unit_price": 33.627272727272725},
{"result_date": "2025-09-30", "result_time": "20:07:08", "name": "Huevos AA rojos Santa Reyes x30und", "total_unit_quantity": 1, "unit_type": "un", "category": "Supermercado", "sub_category": "Lácteos, Huevos Y Refrigerados", "comercial_name": "Jumbo", "comercial_id": "900.155.107", "price": 25630.0, "unit_price": 25630.0},
{"result_date": "2025-09-30", "result_time": "20:07:08", "name": "Queso mozarella Alpina 25 tajadas x400g", "total_unit_quantity": 400.0, "unit_type": "g", "category": "Supermercado", "sub_category": "Lácteos, Huevos Y Refrigerados", "comercial_name": "Jumbo", "comercial_id": "900.155.107", "price": 22550.0, "unit_price": 56.375},
{"result_date": "2025-09-30", "result_time": "20:07:08", "name": "Yogurt griego Alpina natural x1000g", "total_unit_quantity": 1000.0, "unit_type": "g", "category": "Supermercado", "sub_category": "Lácteos, Huevos Y Refrigerados", "comercial_name": "Jumbo", "comercial_id": "900.155.107", "price": 35500.0, "unit_price": 35.5},
{"result_date": "2025-09-30", "result_time": "20:07:08", "name": "Queso parmesano Alpina bolsa x100g", "total_unit_quantity": 100.0, "unit_type": "g", "category": "Supermercado", "sub_category": "Lácteos, Huevos Y Refrigerados", "comercial_name": "Jumbo", "comercial_id": "900.155.107", "price": 11840.0, "unit_price": 118.4},
{"result_date": "2025-09-30", "result_time": "20:07:08", "name": "Huevos AAA rojos Santa Anita x30und", "total_unit_quantity": 1, "unit_type": "un", "category": "Supermercado", "sub_category": "Lácteos, Huevos Y Refrigerados", "comercial_name": "Jumbo", "comercial_id": "900.155.107", "price": 24890.0, "unit_price": 24890.0},
{"result_date": "2025-09-30", "result_time": "20:07:08", "name": "Queso Campesino Alpina 250g", "total_unit_quantity": 250.0, "unit_type": "g", "category": "Supermercado", "sub_category": "Lácteos, Huevos Y Refrigerados", "comercial_name": "Jumbo", "comercial_id": "900.155.107", "price": 12090.0, "unit_price": 48.36},
{"result_date": "2025-09-30", "result_time": "20:08:03", "name": "Salsa de Tomate Fruco Pague 800g Lleve 1000g", "total_unit_quantity": 1000.0, "unit_type": "g", "category": "Supermercado", "sub_category": "Despensa", "comercial_name": "Jumbo", "comercial_id": "900.155.107", "price": 19390.0, "unit_price": 19.39},
{"result_date": "2025-09-30", "result_time": "20:08:03", "name": "Salsa Fruco Mayo Parrilla x200G", "total_unit_quantity": 200.0, "unit_type": "G", "category": "Supermercado", "sub_category": "Despensa", "comercial_name": "Jumbo", "comercial_id": "900.155.107", "price": 8090.0, "unit_price": 40.45},
{"result_date": "2025-09-30", "result_time": "20:08:03", "name": "Aceite Cuisine&Co Mezcla Vegetal x3000Ml", "total_unit_quantity": 3000.0, "unit_type": "Ml", "category": "Supermercado", "sub_category": "Despensa", "comercial_name": "Jumbo", "comercial_id": "900.155.107", "price": 22890.0, "unit_price": 7.63},
{"result_date": "2025-09-30", "result_time": "20:08:03", "name": "Arroz Diana blanco x10kg", "total_unit_quantity": 10.0, "unit_type": "kg", "category": "Supermercado", "sub_category": "Despensa", "comercial_name": "Jumbo", "comercial_id": "900.155.107", "price": 44690.0, "unit_price": 4469.0},
{"result_date": "2025-09-30", "result_time": "20:08:03", "name": "Aceite Premier girasol x2700ml", "total_unit_quantity": 2700.0, "unit_type": "ml", "category": "Supermercado", "sub_category": "Despensa", "comercial_name": "Jumbo", "comercial_id": "900.155.107", "price": 56290.0, "unit_price": 20.848148148148148},
{"result_date": "2025-09-30", "result_time": "20:08:03", "name": "Arroz Diana blanco x5kg", "total_unit_quantity": 5.0, "unit_type": "kg", "category": "Supermercado", "sub_category": "Despensa", "comercial_name": "Jumbo", "comercial_id": "900.155.107", "price": 22190.0, "unit_price": 4438.0},
{"result_date": "2025-09-30", "result_time": "20:08:03", "name": "Chocolate Corona Tradicional x18 Und x450grs", "total_unit_quantity": 450.0, "unit_type": "grs", "category": "Supermercado", "sub_category": "Despensa", "comercial_name": "Jumbo", "comercial_id": "900.155.107", "price": 16390.0, "unit_price": 36.422222222222224},
{"result_date": "2025-09-30", "result_time": "20:08:03", "name": "Aceite Gourmet Familia Multiusos x2600ml", "total_unit_quantity": 2600.0, "unit_type": "ml", "category": "Supermercado", "sub_category": "Despensa", "comercial_name": "Jumbo", "comercial_id": "900.155.107", "price": 57990.0, "unit_price": 22.303846153846155},
{"result_date": "2025-09-30", "result_time": "20:08:48", "name": "Leche Deslactosada Alqueria 1L x6unds", "total_unit_quantity": 1.0, "unit_type": "L", "category": "Supermercado", "sub_category": "Lácteos, Huevos Y Refrigerados", "comercial_name": "Jumbo", "comercial_id": "900.155.107", "price": 29990.0, "unit_price": 29990.0},
{"result_date": "2025-09-30", "result_time": "20:08:48", "name": "Leche Sabor Original Alqueria 1L x6unds", "total_unit_quantity": 1.0, "unit_type": "L", "category": "Supermercado", "sub_category": "Lácteos, Huevos Y Refrigerados", "comercial_name": "Jumbo", "comercial_id": "900.155.107", "price": 29990.0, "unit_price": 29990.0},
{"result_date": "2025-09-30", "result_time": "20:08:48", "name": "Leche Entera Colanta Bolsa x6 Und x1000ml", "total_unit_quantity": 1000.0, "unit_type": "ml", "category": "Supermercado", "sub_category": "Lácteos, Huevos Y Refrigerados", "comercial_name": "Jumbo", "comercial_id": "900.155.107", "price": 30350.0, "unit_price": 30.35},
{"result_date": "2025-09-30", "result_time": "20:08:48", "name": "Leche Deslactosada Colanta Bolsa x6 Und x1000ml", "total_unit_quantity": 1000.0, "unit_type": "ml", "category": "Supermercado", "sub_category": "Lácteos, Huevos Y Refrigerados", "comercial_name": "Jumbo", "comercial_id": "900.155.107", "price": 29300.0, "unit_price": 29.3},
{"result_date": "2025-09-30", "result_time": "20:08:48", "name": "Leche Entera Colanta Bolsa x6 Und x1100", "total_unit_quantity": 1, "unit_type": "un", "category": "Supermercado", "sub_category": "Lácteos, Huevos Y Refrigerados", "comercial_name": "Jumbo", "comercial_id": "900.155.107", "price": 33790.0, "unit_price": 33790.0},
{"result_date": "2025-09-30", "result_time": "20:08:48", "name": "Leche Deslactosada Alpina Bolsa x6 Und x1100ml", "total_unit_quantity": 1100.0, "unit_type": "ml", "category": "Supermercado", "sub_category": "Lácteos, Huevos Y Refrigerados", "comercial_name": "Jumbo", "comercial_id": "900.155.107", "price": 36990.0, "unit_price": 33.627272727272725},
{"result_date": "2025-09-30", "result_time": "20:08:48", "name": "Huevos AA rojos Santa Reyes x30und", "total_unit_quantity": 1, "unit_type": "un", "category": "Supermercado", "sub_category": "Lácteos, Huevos Y Refrigerados", "comercial_name": "Jumbo", "comercial_id": "900.155.107", "price": 25630.0, "unit_price": 25630.0},
{"result_date": "2025-09-30", "result_time": "20:08:48", "name": "Queso mozarella Alpina 25 tajadas x400g", "total_unit_quantity": 400.0, "unit_type": "g", "category": "Supermercado", "sub_category": "Lácteos, Huevos Y Refrigerados", "comercial_name": "Jumbo", "comercial_id": "900.155.107", "price": 22550.0, "unit_price": 56.375},
{"result_date": "2025-09-30", "result_time": "20:08:48", "name": "Yogurt griego Alpina natural x1000g", "total_unit_quantity": 1000.0, "unit_type": "g", "category": "Supermercado", "sub_category": "Lácteos, Huevos Y Refrigerados", "comercial_name": "Jumbo", "comercial_id": "900.155.107", "price": 35500.0, "unit_price": 35.5},
{"result_date": "2025-09-30", "result_time": "20:08:48", "name": "Queso parmesano Alpina bolsa x100g", "total_unit_quantity": 100.0, "unit_type": "g", "category": "Supermercado", "sub_category": "Lácteos, Huevos Y Refrigerados", "comercial_name": "Jumbo", "comercial_id": "900.155.107", "price": 11840.0, "unit_price": 118.4},
{"result_date": "2025-09-30", "result_time": "20:08:48", "name": "Huevos AAA rojos Santa Anita x30und", "total_unit_quantity": 1, "unit_type": "un", "category": "Supermercado", "sub_category": "Lácteos, Huevos Y Refrigerados", "comercial_name": "Jumbo", "comercial_id": "900.155.107", "price": 24890.0, "unit_price": 24890.0},
{"result_date": "2025-09-30", "result_time": "20:08:48", "name": "Queso Campesino Alpina 250g", "total_unit_quantity": 250.0, "unit_type": "g", "category": "Supermercado", "sub_category": "Lácteos, Huevos Y Refrigerados", "comercial_name": "Jumbo", "comercial_id": "900.155.107", "price": 12090.0, "unit_price": 48.36},
{"result_date": "2025-09-30", "result_time": "20:09:38", "name": "Salsa de Tomate Fruco Pague 800g Lleve 1000g", "total_unit_quantity": 1000.0, "unit_type": "g", "category": "Supermercado", "sub_category": "Despensa", "comercial_name": "Jumbo", "comercial_id": "900.155.107", "price": 19390.0, "unit_price": 19.39},
{"result_date": "2025-09-30", "result_time": "20:09:38", "name": "Salsa Fruco Mayo Parrilla x200G", "total_unit_quantity": 200.0, "unit_type": "G", "category": "Supermercado", "sub_category": "Despensa", "comercial_name": "Jumbo", "comercial_id": "900.155.107", "price": 8090.0, "unit_price": 40.45},
{"result_date": "2025-09-30", "result_time": "20:09:38", "name": "Aceite Cuisine&Co Mezcla Vegetal x3000Ml", "total_unit_quantity": 3000.0, "unit_type": "Ml", "category": "Supermercado", "sub_category": "Despensa", "comercial_name": "Jumbo", "comercial_id": "900.155.107", "price": 22890.0, "unit_price": 7.63},
{"result_date": "2025-09-30", "result_time": "20:09:38", "name": "Arroz Diana blanco x10kg", "total_unit_quantity": 10.0, "unit_type": "kg", "category": "Supermercado", "sub_category": "Despensa", "comercial_name": "Jumbo", "comercial_id": "900.155.107", "price": 44690.0, "unit_price": 4469.0},
{"result_date": "2025-09-30", "result_time": "20:09:38", "name": "Aceite Premier girasol x2700ml", "total_unit_quantity": 2700.0, "unit_type": "ml", "category": "Supermercado", "sub_category": "Despensa", "comercial_name": "Jumbo", "comercial_id": "900.155.107", "price": 56290.0, "unit_price": 20.848148148148148},
{"result_date": "2025-09-30", "result_time": "20:09:38", "name": "Arroz Diana blanco x5kg", "total_unit_quantity": 5.0, "unit_type": "kg", "category": "Supermercado", "sub_category": "Despensa", "comercial_name": "Jumbo", "comercial_id": "900.155.107", "price": 22190.0, "unit_price": 4438.0},
{"result_date": "2025-09-30", "result_time": "20:09:38", "name": "Chocolate Corona Tradicional x18 Und x450grs", "total_unit_quantity": 450.0, "unit_type": "grs", "category": "Supermercado", "sub_category": "Despensa", "comercial_name": "Jumbo", "comercial_id": "900.155.107", "price": 16390.0, "unit_price": 36.422222222222224},
{"result_date": "2025-09-30", "result_time": "20:09:38", "name": "Aceite Gourmet Familia Multiusos x2600ml", "total_unit_quantity": 2600.0, "unit_type": "ml", "category": "Supermercado", "sub_category": "Despensa", "comercial_name": "Jumbo", "comercial_id": "900.155.107", "price": 57990.0, "unit_price": 22.303846153846155},
{"result_date": "2025-09-30", "result_time": "20:10:33", "name": "Leche Deslactosada Alqueria 1L x6unds", "total_unit_quantity": 1.0, "unit_type": "L", "category": "Supermercado", "sub_category": "Lácteos, Huevos Y Refrigerados", "comercial_name": "Jumbo", "comercial_id": "900.155.107", "price": 29990.0, "unit_price": 29990.0},
{"result_date": "2025-09-30", "result_time": "20:10:33", "name": "Leche Sabor Original Alqueria 1L x6unds", "total_unit_quantity": 1.0, "unit_type": "L", "category": "Supermercado", "sub_category": "Lácteos, Huevos Y Refrigerados", "comercial_name": "Jumbo", "comercial_id": "900.155.107", "price": 29990.0, "unit_price": 29990.0},
{"result_date": "2025-09-30", "result_time": "20:10:33", "name": "Leche Entera Colanta Bolsa x6 Und x1000ml", "total_unit_quantity": 1000.0, "unit_type": "ml", "category": "Supermercado", "sub_category": "Lácteos, Huevos Y Refrigerados", "comercial_name": "Jumbo", "comercial_id": "900.155.107", "price": 30350.0, "unit_price": 30.35},
{"result_date": "2025-09-30", "result_time": "20:10:33", "name": "Leche Deslactosada Colanta Bolsa x6 Und x1000ml", "total_unit_quantity": 1000.0, "unit_type": "ml", "category": "Supermercado", "sub_category": "Lácteos, Huevos Y Refrigerados", "comercial_name": "Jumbo", "comercial_id": "900.155.107", "price": 29300.0, "unit_price": 29.3},
{"result_date": "2025-09-30", "result_time": "20:10:33", "name": "Leche Entera Colanta Bolsa x6 Und x1100", "total_unit_quantity": 1, "unit_type": "un", "category": "Supermercado", "sub_category": "Lácteos, Huevos Y Refrigerados", "comercial_name": "Jumbo", "comercial_id": "900.155.107", "price": 33790.0, "unit_price": 33790.0},
{"result_date": "2025-09-30", "result_time": "20:10:33", "name": "Leche Deslactosada Alpina Bolsa x6 Und x1100ml", "total_unit_quantity": 1100.0, "unit_type": "ml", "category": "Supermercado", "sub_category": "Lácteos, Huevos Y Refrigerados", "comercial_name": "Jumbo", "comercial_id": "900.155.107", "price": 36990.0, "unit_price": 33.627272727272725},
{"result_date": "2025-09-30", "result_time": "20:10:33", "name": "Huevos AA rojos Santa Reyes x30und", "total_unit_quantity": 1, "unit_type": "un", "category": "Supermercado", "sub_category": "Lácteos, Huevos Y Refrigerados", "comercial_name": "Jumbo", "comercial_id": "900.155.107", "price": 25630.0, "unit_price": 25630.0},
{"result_date": "2025-09-30", "result_time": "20:10:33", "name": "Queso mozarella Alpina 25 tajadas x400g", "total_unit_quantity": 400.0, "unit_type": "g", "category": "Supermercado", "sub_category": "Lácteos, Huevos Y Refrigerados", "comercial_name": "Jumbo", "comercial_id": "900.155.107", "price": 22550.0, "unit_price": 56.375},
{"result_date": "2025-09-30", "result_time": "20:10:33", "name": "Yogurt griego Alpina natural x1000g", "total_unit_quantity": 1000.0, "unit_type": "g", "category": "Supermercado", "sub_category": "Lácteos, Huevos Y Refrigerados", "comercial_name": "Jumbo", "comercial_id": "900.155.107", "price": 35500.0, "unit_price": 35.5},
{"result_date": "2025-09-30", "result_time": "20:10:33", "name": "Queso parmesano Alpina bolsa x100g", "total_unit_quantity": 100.0, "unit_type": "g", "category": "Supermercado", "sub_category": "Lácteos, Huevos Y Refrigerados", "comercial_name": "Jumbo", "comercial_id": "900.155.107", "price": 11840.0, "unit_price": 118.4},
{"result_date": "2025-09-30", "result_time": "20:10:33", "name": "Huevos AAA rojos Santa Anita x30und", "total_unit_quantity": 1, "unit_type": "un", "category": "Supermercado", "sub_category": "Lácteos, Huevos Y Refrigerados", "comercial_name": "Jumbo", "comercial_id": "900.155.107", "price": 24890.0, "unit_price": 24890.0},
{"result_date": "2025-09-30", "result_time": "20:10:33", "name": "Queso Campesino Alpina 250g", "total_unit_quantity": 250.0, "unit_type": "g", "category": "Supermercado", "sub_category": "Lácteos, Huevos Y Refrigerados", "comercial_name": "Jumbo", "comercial_id": "900.155.107", "price": 12090.0, "unit_price": 48.36},
{"result_date": "2025-09-30", "result_time": "20:11:13", "name": "Salsa de Tomate Fruco Pague 800g Lleve 1000g", "total_unit_quantity": 1000.0, "unit_type": "g", "category": "Supermercado", "sub_category": "Despensa", "comercial_name": "Jumbo", "comercial_id": "900.155.107", "price": 19390.0, "unit_price": 19.39},
{"result_date": "2025-09-30", "result_time": "20:11:13", "name": "Salsa Fruco Mayo Parrilla x200G", "total_unit_quantity": 200.0, "unit_type": "G", "category": "Supermercado", "sub_category": "Despensa", "comercial_name": "Jumbo", "comercial_id": "900.155.107", "price": 8090.0, "unit_price": 40.45},
{"result_date": "2025-09-30", "result_time": "20:11:13", "name": "Aceite Cuisine&Co Mezcla Vegetal x3000Ml", "total_unit_quantity": 3000.0, "unit_type": "Ml", "category": "Supermercado", "sub_category": "Despensa", "comercial_name": "Jumbo", "comercial_id": "900.155.107", "price": 22890.0, "unit_price": 7.63},
{"result_date": "2025-09-30", "result_time": "20:11:13", "name": "Arroz Diana blanco x10kg", "total_unit_quantity": 10.0, "unit_type": "kg", "category": "Supermercado", "sub_category": "Despensa", "comercial_name": "Jumbo", "comercial_id": "900.155.107", "price": 44690.0, "unit_price": 4469.0},
{"result_date": "2025-09-30", "result_time": "20:11:13", "name": "Aceite Premier girasol x2700ml", "total_unit_quantity": 2700.0, "unit_type": "ml", "category": "Supermercado", "sub_category": "Despensa", "comercial_name": "Jumbo", "comercial_id": "900.155.107", "price": 56290.0, "unit_price": 20.848148148148148},
{"result_date": "2025-09-30", "result_time": "20:11:13", "name": "Arroz Diana blanco x5kg", "total_unit_quantity": 5.0, "unit_type": "kg", "category": "Supermercado", "sub_category": "Despensa", "comercial_name": "Jumbo", "comercial_id": "900.155.107", "price": 22190.0, "unit_price": 4438.0},
{"result_date": "2025-09-30", "result_time": "20:11:13", "name": "Chocolate Corona Tradicional x18 Und x450grs", "total_unit_quantity": 450.0, "unit_type": "grs", "category": "Supermercado", "sub_category": "Despensa", "comercial_name": "Jumbo", "comercial_id": "900.155.107", "price": 16390.0, "unit_price": 36.422222222222224},
{"result_date": "2025-09-30", "result_time": "20:11:13", "name": "Aceite Gourmet Familia Multiusos x2600ml", "total_unit_quantity": 2600.0, "unit_type": "ml", "category": "Supermercado", "sub_category": "Despensa", "comercial_name": "Jumbo", "comercial_id": "900.155.107", "price": 57990.0, "unit_price": 22.303846153846155},
{"result_date": "2025-09-30", "result_time": "20:12:08", "name": "Leche Deslactosada Alqueria 1L x6unds", "total_unit_quantity": 1.0, "unit_type": "L", "category": "Supermercado", "sub_category": "Lácteos, Huevos Y Refrigerados", "comercial_name": "Jumbo", "comercial_id": "900.155.107", "price": 29990.0, "unit_price": 29990.0},
{"result_date": "2025-09-30", "result_time": "20:12:08", "name": "Leche Sabor Original Alqueria 1L x6unds", "total_unit_quantity": 1.0, "unit_type": "L", "category": "Supermercado", "sub_category": "Lácteos, Huevos Y Refrigerados", "comercial_name": "Jumbo", "comercial_id": "900.155.107", "price": 29990.0, "unit_price": 29990.0},
{"result_date": "2025-09-30", "result_time": "20:12:08", "name": "Leche Entera Colanta Bolsa x6 Und x1000ml", "total_unit_quantity": 1000.0, "unit_type": "ml", "category": "Supermercado", "sub_category": "Lácteos, Huevos Y Refrigerados", "comercial_name": "Jumbo", "comercial_id": "900.155.107", "price": 30350.0, "unit_price": 30.35},
{"result_date": "2025-09-30", "result_time": "20:12:08", "name": "Leche Deslactosada Colanta Bolsa x6 Und x1000ml", "total_unit_quantity": 1000.0, "unit_type": "ml", "category": "Supermercado", "sub_category": "Lácteos, Huevos Y Refrigerados", "comercial_name": "Jumbo", "comercial_id": "900.155.107", "price": 29300.0, "unit_price": 29.3},
{"result_date": "2025-09-30", "result_time": "20:12:08", "name": "Leche Entera Colanta Bolsa x6 Und x1100", "total_unit_quantity": 1, "unit_type": "un", "category": "Supermercado", "sub_category": "Lácteos, Huevos Y Refrigerados", "comercial_name": "Jumbo", "comercial_id": "900.155.107", "price": 33790.0, "unit_price": 33790.0},
{"result_date": "2025-09-30", "result_time": "20:12:08", "name": "Leche Deslactosada Alpina Bolsa x6 Und x1100ml", "total_unit_quantity": 1100.0, "unit_type": "ml", "category": "Supermercado", "sub_category": "Lácteos, Huevos Y Refrigerados", "comercial_name": "Jumbo", "comercial_id": "900.155.107", "price": 36990.0, "unit_price": 33.627272727272725},
{"result_date": "2025-09-30", "result_time": "20:12:08", "name": "Huevos AA rojos Santa Reyes x30und", "total_unit_quantity": 1, "unit_type": "un", "category": "Supermercado", "sub_category": "Lácteos, Huevos Y Refrigerados", "comercial_name": "Jumbo", "comercial_id": "900.155.107", "price": 25630.0, "unit_price": 25630.0},
{"result_date": "2025-09-30", "result_time": "20:12:08", "name": "Queso mozarella Alpina 25 tajadas x400g", "total_unit_quantity": 400.0, "unit_type": "g", "category": "Supermercado", "sub_category": "Lácteos, Huevos Y Refrigerados", "comercial_name": "Jumbo", "comercial_id": "900.155.107", "price": 22550.0, "unit_price": 56.375},
{"result_date": "2025-09-30", "result_time": "20:12:08", "name": "Yogurt griego Alpina natural x1000g", "total_unit_quantity": 1000.0, "unit_type": "g", "category": "Supermercado", "sub_category": "Lácteos, Huevos Y Refrigerados", "comercial_name": "Jumbo", "comercial_id": "900.155.107", "price": 35500.0, "unit_price": 35.5},
{"result_date": "2025-09-30", "result_time": "20:12:08", "name": "Queso parmesano Alpina bolsa x100g", "total_unit_quantity": 100.0, "unit_type": "g", "category": "Supermercado", "sub_category": "Lácteos, Huevos Y Refrigerados", "comercial_name": "Jumbo", "comercial_id": "900.155.107", "price": 11840.0, "unit_price": 118.4},
{"result_date": "2025-09-30", "result_time": "20:12:08", "name": "Huevos AAA rojos Santa Anita x30und", "total_unit_quantity": 1, "unit_type": "un", "category": "Supermercado", "sub_category": "Lácteos, Huevos Y Refrigerados", "comercial_name": "Jumbo", "comercial_id": "900.155.107", "price": 24890.0, "unit_price": 24890.0},
{"result_date": "2025-09-30", "result_time": "20:12:08", "name": "Queso Campesino Alpina 250g", "total_unit_quantity": 250.0, "unit_type": "g", "category": "Supermercado", "sub_category": "Lácteos, Huevos Y Refrigerados", "comercial_name": "Jumbo", "comercial_id": "900.155.107", "price": 12090.0, "unit_price": 48.36},
{"result_date": "2025-09-30", "result_time": "20:13:03", "name": "Salsa de Tomate Fruco Pague 800g Lleve 1000g", "total_unit_quantity": 1000.0, "unit_type": "g", "category": "Supermercado", "sub_category": "Despensa", "comercial_name": "Jumbo", "comercial_id": "900.155.107", "price": 19390.0, "unit_price": 19.39},
{"result_date": "2025-09-30", "result_time": "20:13:03", "name": "Salsa Fruco Mayo Parrilla x200G", "total_unit_quantity": 200.0, "unit_type": "G", "category": "Supermercado", "sub_category": "Despensa", "comercial_name": "Jumbo", "comercial_id": "900.155.107", "price": 8090.0, "unit_price": 40.45},
{"result_date": "2025-09-30", "result_time": "20:13:03", "name": "Aceite Cuisine&Co Mezcla Vegetal x3000Ml", "total_unit_quantity": 3000.0, "unit_type": "Ml", "category": "Supermercado", "sub_category": "Despensa", "comercial_name": "Jumbo", "comercial_id": "900.155.107", "price": 22890.0, "unit_price": 7.63},
{"result_date": "2025-09-30", "result_time": "20:13:03", "name": "Arroz Diana blanco x10kg", "total_unit_quantity": 10.0, "unit_type": "kg", "category": "Supermercado", "sub_category": "Despensa", "comercial_name": "Jumbo", "comercial_id": "900.155.107", "price": 44690.0, "unit_price": 4469.0},
{"result_date": "2025-09-30", "result_time": "20:13:03", "name": "Aceite Premier girasol x2700ml", "total_unit_quantity": 2700.0, "unit_type": "ml", "category": "Supermercado", "sub_category": "Despensa", "comercial_name": "Jumbo", "comercial_id": "900.155.107", "price": 56290.0, "unit_price": 20.848148148148148},
{"result_date": "2025-09-30", "result_time": "20:13:03", "name": "Arroz Diana blanco x5kg", "total_unit_quantity": 5.0, "unit_type": "kg", "category": "Supermercado", "sub_category": "Despensa", "comercial_name": "Jumbo", "comercial_id": "900.155.107", "price": 22190.0, "unit_price": 4438.0},
{"result_date": "2025-09-30", "result_time": "20:13:03", "name": "Chocolate Corona Tradicional x18 Und x450grs", "total_unit_quantity": 450.0, "unit_type": "grs", "category": "Supermercado", "sub_category": "Despensa", "comercial_name": "Jumbo", "comercial_id": "900.155.107", "price": 16390.0, "unit_price": 36.422222222222224},
{"result_date": "2025-09-30", "result_time": "20:13:03", "name": "Aceite Gourmet Familia Multiusos x2600ml", "total_unit_quantity": 2600.0, "unit_type": "ml", "category": "Supermercado", "sub_category": "Despensa", "comercial_name": "Jumbo", "comercial_id": "900.155.107", "price": 57990.0, "unit_price": 22.303846153846155},
{"result_date": "2025-09-30", "result_time": "20:13:58", "name": "Leche Deslactosada Alqueria 1L x6unds", "total_unit_quantity": 1.0, "unit_type": "L", "category": "Supermercado", "sub_category": "Lácteos, Huevos Y Refrigerados", "comercial_name": "Jumbo", "comercial_id": "900.155.107", "price": 29990.0, "unit_price": 29990.0},
{"result_date": "2025-09-30", "result_time": "20:13:58", "name": "Leche Sabor Original Alqueria 1L x6unds", "total_unit_quantity": 1.0, "unit_type": "L", "category": "Supermercado", "sub_category": "Lácteos, Huevos Y Refrigerados", "comercial_name": "Jumbo", "comercial_id": "900.155.107", "price": 29990.0, "unit_price": 29990.0},
{"result_date": "2025-09-30", "result_time": "20:13:58", "name": "Leche Entera Colanta Bolsa x6 Und x1000ml", "total_unit_quantity": 1000.0, "unit_type": "ml", "category": "Supermercado", "sub_category": "Lácteos, Huevos Y Refrigerados", "comercial_name": "Jumbo", "comercial_id": "900.155.107", "price": 30350.0, "unit_price": 30.35},
{"result_date": "2025-09-30", "result_time": "20:13:58", "name": "Leche Deslactosada Colanta Bolsa x6 Und x1000ml", "total_unit_quantity": 1000.0, "unit_type": "ml", "category": "Supermercado", "sub_category": "Lácteos, Huevos Y Refrigerados", "comercial_name": "Jumbo", "comercial_id": "900.155.107", "price": 29300.0, "unit_price": 29.3},
{"result_date": "2025-09-30", "result_time": "20:13:58", "name": "Leche Entera Colanta Bolsa x6 Und x1100", "total_unit_quantity": 1, "unit_type": "un", "category": "Supermercado", "sub_category": "Lácteos, Huevos Y Refrigerados", "comercial_name": "Jumbo", "comercial_id": "900.155.107", "price": 33790.0, "unit_price": 33790.0},
{"result_date": "2025-09-30", "result_time": "20:13:58", "name": "Leche Deslactosada Alpina Bolsa x6 Und x1100ml", "total_unit_quantity": 1100.0, "unit_type": "ml", "category": "Supermercado", "sub_category": "Lácteos, Huevos Y Refrigerados", "comercial_name": "Jumbo", "comercial_id": "900.155.107", "price": 36990.0, "unit_price": 33.627272727272725},
{"result_date": "2025-09-30", "result_time": "20:13:58", "name": "Huevos AA rojos Santa Reyes x30und", "total_unit_quantity": 1, "unit_type": "un", "category": "Supermercado", "sub_category": "Lácteos, Huevos Y Refrigerados", "comercial_name": "Jumbo", "comercial_id": "900.155.107", "price": 25630.0, "unit_price": 25630.0},
{"result_date": "2025-09-30", "result_time": "20:13:58", "name": "Queso mozarella Alpina 25 tajadas x400g", "total_unit_quantity": 400.0, "unit_type": "g", "category": "Supermercado", "sub_category": "Lácteos, Huevos Y Refrigerados", "comercial_name": "Jumbo", "comercial_id": "900.155.107", "price": 22550.0, "unit_price": 56.375},
{"result_date": "2025-09-30", "result_time": "20:13:58", "name": "Yogurt griego Alpina natural x1000g", "total_unit_quantity": 1000.0, "unit_type": "g", "category": "Supermercado", "sub_category": "Lácteos, Huevos Y Refrigerados", "comercial_name": "Jumbo", "comercial_id": "900.155.107", "price": 35500.0, "unit_price": 35.5},
{"result_date": "2025-09-30", "result_time": "20:13:58", "name": "Queso parmesano Alpina bolsa x100g", "total_unit_quantity": 100.0, "unit_type": "g", "category": "Supermercado", "sub_category": "Lácteos, Huevos Y Refrigerados", "comercial_name": "Jumbo", "comercial_id": "900.155.107", "price": 11840.0, "unit_price": 118.4},
{"result_date": "2025-09-30", "result_time": "20:13:58", "name": "Huevos AAA rojos Santa Anita x30und", "total_unit_quantity": 1, "unit_type": "un", "category": "Supermercado", "sub_category": "Lácteos, Huevos Y Refrigerados", "comercial_name": "Jumbo", "comercial_id": "900.155.107", "price": 24890.0, "unit_price": 24890.0},
{"result_date": "2025-09-30", "result_time": "20:13:58", "name": "Queso Campesino Alpina 250g", "total_unit_quantity": 250.0, "unit_type": "g", "category": "Supermercado", "sub_category": "Lácteos, Huevos Y Refrigerados", "comercial_name": "Jumbo", "comercial_id": "900.155.107", "price": 12090.0, "unit_price": 48.36},
{"result_date": "2025-09-30", "result_time": "20:14:43", "name": "Salsa de Tomate Fruco Pague 800g Lleve 1000g", "total_unit_quantity": 1000.0, "unit_type": "g", "category": "Supermercado", "sub_category": "Despensa", "comercial_name": "Jumbo", "comercial_id": "900.155.107", "price": 19390.0, "unit_price": 19.39},
{"result_date": "2025-09-30", "result_time": "20:14:43", "name": "Salsa Fruco Mayo Parrilla x200G", "total_unit_quantity": 200.0, "unit_type": "G", "category": "Supermercado", "sub_category": "Despensa", "comercial_name": "Jumbo", "comercial_id": "900.155.107", "price": 8090.0, "unit_price": 40.45},
{"result_date": "2025-09-30", "result_time": "20:14:43", "name": "Aceite Cuisine&Co Mezcla Vegetal x3000Ml", "total_unit_quantity": 3000.0, "unit_type": "Ml", "category": "Supermercado", "sub_category": "Despensa", "comercial_name": "Jumbo", "comercial_id": "900.155.107", "price": 22890.0, "unit_price": 7.63},
{"result_date": "2025-09-30", "result_time": "20:14:43", "name": "Arroz Diana blanco x10kg", "total_unit_quantity": 10.0, "unit_type": "kg", "category": "Supermercado", "sub_category": "Despensa", "comercial_name": "Jumbo", "comercial_id": "900.155.107", "price": 44690.0, "unit_price": 4469.0},
{"result_date": "2025-09-30", "result_time": "20:14:43", "name": "Aceite Premier girasol x2700ml", "total_unit_quantity": 2700.0, "unit_type": "ml", "category": "Supermercado", "sub_category": "Despensa", "comercial_name": "Jumbo", "comercial_id": "900.155.107", "price": 56290.0, "unit_price": 20.848148148148148},
{"result_date": "2025-09-30", "result_time": "20:14:43", "name": "Arroz Diana blanco x5kg", "total_unit_quantity": 5.0, "unit_type": "kg", "category": "Supermercado", "sub_category": "Despensa", "comercial_name": "Jumbo", "comercial_id": "900.155.107", "price": 22190.0, "unit_price": 4438.0},
{"result_date": "2025-09-30", "result_time": "20:14:43", "name": "Chocolate Corona Tradicional x18 Und x450grs", "total_unit_quantity": 450.0, "unit_type": "grs", "category": "Supermercado", "sub_category": "Despensa", "comercial_name": "Jumbo", "comercial_id": "900.155.107", "price": 16390.0, "unit_price": 36.422222222222224},
{"result_date": "2025-09-30", "result_time": "20:14:43", "name": "Aceite Gourmet Familia Multiusos x2600ml", "total_unit_quantity": 2600.0, "unit_type": "ml", "category": "Supermercado", "sub_category": "Despensa", "comercial_name": "Jumbo", "comercial_id": "900.155.107", "price": 57990.0, "unit_price": 22.303846153846155}
]